2820 4178
420 167 489 224 Lm.
508 172 529 224 1.
562 151 642 224 'cin
662 176 772 239 <ro-28.
809 173 824 242 c
843 177 970 226 00-100.
1226 176 1265 236 29

126 345 195 409 rali.
237 345 326 409 Haec
357 345 403 408 ita
432 346 576 428 intellegi
605 369 775 428 possumus
806 348 990 412 existimare
1014 368 1054 409 ex
1077 368 1114 410 eo
1139 347 1265 421 decoro,
1293 333 1330 388 ²⁸

127 433 213 512 quod
235 438 352 514 poetae
375 438 560 514 sequuntur.
606 434 654 496 De
678 455 741 515 quo
766 434 828 498 alio
852 435 923 498 loco
946 434 1039 515 plure
1063 433 1126 496 dici
1149 432 1265 510 solent,

128 519 276 591 sedtum
300 540 428 582 seruare
452 519 529 582 illud
554 526 677 600 pose'tas,
703 521 789 601 quod
809 521 933 598 deceat,
958 520 1102 594 dicimus,
1128 541 1199 582 cum
1222 519 1265 597 id,

127 605 213 685 quod
237 626 363 686 quaque
397 627 536 686 persona
571 607 701 688 dignum
736 613 794 685 est,
829 614 861 671 et
894 606 931 670 fit
962 613 995 670 et
1018 607 1148 684 dicitur3
1170 611 1215 682 ut,
1240 608 1266 668 si

104 692 252 754 cheacus
276 699 333 754 aut
355 691 458 756 Minos
482 693 625 756 diceret:

214 835 404 926 Oderint,
430 850 519 912 dum
542 849 748 929 metuant,

126 1002 196 1060 aut:

315 1143 431 1206 natis
456 1143 679 1225 sepulchro
703 1146 794 1226 ipse
819 1145 882 1209 est
904 1167 1076 1226 parere,

127 1302 312 1364 indecorum
334 1300 507 1379 videretur,
542 1301 628 1382 quod
663 1321 717 1363 eos
750 1300 847 1372 fuisse
877 1302 978 1364 iustos
1010 1303 1208 1383 accepimus3
1232 1307 1266 1364 at

90 1409 116 1447 10
126 1388 224 1451 Atreo
255 1388 382 1450 dicente
412 1387 543 1468 plausus
574 1388 771 1466 excitantur]
804 1393 852 1450 est
887 1389 971 1451 enim
1001 1390 1098 1471 digna
1128 1409 1266 1470 persona

127 1475 238 1537 oratio.
263 1473 326 1537 Sed
349 1479 475 1553 poetae,
500 1473 577 1554 quid
594 1495 752 1554 quemque
773 1475 895 1554 deceat,
921 1496 959 1537 ex
981 1497 1120 1555 persona
1142 1477 1265 1538 iudica-

125 1561 213 1624 bunt.
257 1559 358 1623 Nobis
382 1566 491 1622 autem
517 1581 689 1641 personam
718 1561 871 1640 imposuit
903 1562 974 1641 ipsa
1004 1568 1120 1625 natura
1149 1585 1266 1642 magna

126 1668 197 1710 cum
221 1646 411 1710 excellentia
432 1647 695 1726 praestantiaque
718 1648 929 1710 animantium
952 1647 1156 1728 reliquarum.
1181 1649 1263 1724 Quo·
1292 1664 1326 1715 98

126 1734 212 1798 01100
234 1739 351 1814 po'etae
374 1734 408 1795 in
430 1753 547 1813 magna
578 1733 734 1796 varietate
768 1754 987 1814 personarum,
1024 1736 1120 1798 etiam
1143 1736 1264 1798 vitiosis

88 1821 203 1901 mquid
227 1820 395 1883 conveniat
423 1825 454 1882 et
485 1819 562 1900 quid
598 1820 720 1898 deceat,
751 1820 913 1898 videbunt,
944 1821 1037 1884 nobis
1060 1827 1168 1884 autem
1192 1843 1264 1885 cum
1315 1860 1317 1864 ⁴

127 1929 146 1969 a
168 1911 286 1970 natura
301 1908 511 1985 constantiae,
528 1906 768 1985 moderationis
792 1908 1035 1987 temperantiae,
1052 1909 1263 1972 verecundiae

125 1999 233 2074 partes
256 1993 352 2055 datae
376 1993 448 2071 sint,
484 2014 618 2074 cumque
651 1993 763 2055 eadem
793 1999 910 2056 natura
931 1994 1047 2057 doceat
1068 2015 1132 2057 non
1155 1995 1263 2076 negle-

125 2100 208 2160 gere,
233 2080 547 2160 quemadmodum
579 2100 637 2142 nos
668 2079 820 2142 adversus
843 2079 988 2143 homiues
1011 2102 1169 2161 geramus,
1195 2079 1262 2143 effi-

126 2167 215 2243 citur,
239 2172 275 2228 ut
300 2172 333 2227 et
354 2165 442 2244 illud,
467 2165 553 2246 quod
577 2167 618 2229 ad
650 2186 777 2228 omnem
806 2166 1011 2230 honestatem
1034 2169 1183 2248 pertinet,
1208 2168 1263 2230 de-

87 2279 114 2315 20
126 2273 235 2315 corum
258 2273 353 2331 quam
376 2251 559 2315 latefusum
575 2253 627 2330 sit,
651 2258 816 2332 appareat,
841 2258 873 2316 01
895 2253 966 2330 hoc,
990 2255 1076 2334 quod
1099 2260 1265 2335 spectatur

124 2338 157 2400 in
179 2360 242 2402 uno
267 2359 387 2419 suoque
410 2359 526 2419 genere
550 2338 686 2401 virtutis.
717 2335 762 2402 Ut
785 2340 869 2402 enim
892 2339 1096 2421 pulchritudo
1120 2341 1264 2421 corporis

124 2430 202 2506 apta
224 2425 456 2505 compositione
479 2425 697 2488 membrorum
719 2430 826 2488 1110101
850 2426 959 2488 oculos
982 2431 1014 2488 et
1038 2427 1179 2489 delectat
1201 2427 1262 2489 hoc

124 2510 204 2592 ipso,
228 2511 314 2591 quod
336 2511 421 2573 inter
454 2531 488 2574 se
523 2531 633 2574 omnes
663 2516 773 2592 partes
797 2533 869 2574 cum
892 2513 1031 2593 quodam
1054 2513 1163 2592 lepore
1188 2534 1262 2575 con-

124 2597 275 2672 sentiunt,
309 2598 354 2659 sic
377 2597 438 2660 hoc
462 2597 624 2674 decorum,
660 2598 746 2678 quod
782 2597 887 2660 elucet
911 2599 944 2661 in
966 2598 1041 2676 1110,
1076 2603 1182 2661 movet
1205 2599 1261 2661 ad-

86 2682 348 2763 reprobationem
372 2703 491 2762 eorum,
516 2684 705 2764 quibuscum
735 2684 860 2762 vivitur,
890 2685 1001 2748 ordine
1025 2690 1057 2748 et
1081 2685 1262 2748 constantia

124 2774 156 2831 et
176 2770 397 2840 moderatione
420 2769 579 2853 dictorum
602 2770 743 2832 omnium
767 2775 863 2850 atque
880 2770 1047 2835 factorum.
1070 2771 1263 2834 Adhibenda
1290 2785 1323 2836 99

124 2861 172 2919 est
194 2857 291 2938 igitur
324 2857 484 2937 quaedam
518 2857 698 2920 reverentia
732 2856 884 2920 adversus
918 2857 1062 2922 homines
1095 2863 1127 2920 et
1149 2858 1262 2938 optimi

123 2943 275 3024 cuiusque
299 2949 332 3006 et
354 2942 560 3025 reliquorum.
598 2944 680 3007 Nam
703 2942 882 3024 neglegere,
907 2944 1046 3024 quidde
1070 2965 1104 3006 se
1127 2946 1261 3024 quisquc

123 3030 250 3106 sentiat,
274 3050 338 3091 non
361 3029 465 3094 solum
499 3030 702 3111 arrongantis
737 3036 795 3109 est,
831 3031 888 3093 sed
923 3031 1021 3093 etiam
1045 3031 1172 3093 omnino
1198 3029 1261 3093 dis·
1321 3057 1327 3065 ·

84 3114 228 3178 aosoluti.
253 3114 310 3177 Est
334 3114 700 3196 autern,quoddiffe1·at
722 3117 755 3179 in
777 3115 941 3180 hominum
963 3116 1089 3179 ratione
1111 3116 1263 3180 habenda

122 3200 206 3262 inter
238 3201 395 3264 iustitiam
432 3208 464 3265 01
498 3203 731 3265 verecundiam.
777 3201 923 3265 Iustitiae
954 3208 1063 3283 partes
1095 3207 1168 3265 sunt
1198 3223 1262 3265 non

121 3286 240 3350 violare
263 3285 418 3364 homineS,
449 3289 661 3352 verecundiae
684 3310 749 3351 non
772 3286 947 3368 offendere,
982 3290 1015 3352 in
1038 3310 1100 3370 quo
1123 3289 1261 3352 maxime

120 3373 167 3436 vis
190 3373 384 3454 perspicitur
407 3374 525 3437 decori.
548 3375 606 3438 His
622 3376 721 3457 igitur
736 3376 900 3457 expositis,
924 3375 1018 3456 quale
1043 3375 1085 3438 sit
1107 3375 1150 3455 id,
1175 3375 1261 3456 quod

121 3459 236 3524 decere
260 3459 403 3538 dicimus,
428 3460 627 3524 intellectum
649 3467 738 3542 pute.

80 3570 108 3612 01
206 3545 355 3610 Officium
378 3552 495 3625 autem,
519 3547 606 3628 quod
623 3547 663 3611 ab
680 3568 718 3611 eo
735 3548 871 3627 ducitur,
895 3547 978 3611 hanc
1000 3548 1138 3629 primum
1161 3546 1323 3613 habetne

118 3632 211 3712 viam,
244 3654 326 3714 quae
358 3633 489 3696 deducit
506 3633 547 3696 ad
565 3634 819 3698 convenientiam
835 3636 1172 3714 conservationemque
1203 3654 1259 3695 na-

205 3807 229 3857 3.
251 3806 296 3855 1001
315 3813 369 3857 tam
386 3807 449 3872 Lc,
469 3805 545 3872 edd.;
565 3805 611 3856 ced
627 3813 655 3857 ot
672 3813 725 3857 tam
743 3805 832 3859 BHb.
853 3837 881 3844 --
900 3810 941 3858 21.
959 3821 1057 3870 auoque
1072 3805 1183 3872 Unger,
1195 3822 1258 3865 qao-

118 3910 168 3957 que
186 3891 274 3957 codd,
295 3893 356 3944 edd.
376 3923 410 3930 -
428 3896 470 3945 27.
490 3893 616 3944 aduersus
637 3892 754 3944 1101111101
775 3893 843 3946 secl.
856 3891 1111 3954 hamnxnuffl}
