2820 4178
448 170 516 222 nin.
536 170 556 221 r.
594 168 669 222 cnr.
691 171 800 220 io-ai.
838 171 982 239 §oa-va
1063 220 1066 225 ,
1245 178 1281 237 21

139 352 353 423 contemnere,
378 346 404 408 si
427 366 491 408 non
514 345 644 422 habeas
669 345 695 407 si
718 344 849 422 habeas
874 345 914 407 ad
938 344 1182 409 beneficentiam
1205 345 1285 411 libe-

138 434 366 513 ralitatemque
390 432 555 495 conferre.
592 430 741 494 Cavenda
765 433 862 494 etiam
887 437 935 494 est
958 432 1078 511 gloriae
1115 433 1285 513 cupiditas,

138 525 174 582 ut
197 541 295 600 supra
318 519 400 598 dixi,
437 519 532 599 eripit
564 519 649 580 enim
675 518 868 594 libertatem,
904 538 961 599 pro
986 539 1049 598 qua
1072 520 1284 600 magnanimis

137 607 213 668 viris
237 605 339 668 omnis
363 606 460 668 debet
480 626 552 677 ¹esse
570 605 741 667 content-io.
767 605 833 666 Nee
850 626 925 667 vero
946 605 1080 685 imperia
1104 606 1284 689 expetenda

114 713 175 755 sae
199 694 304 773 potius
326 697 382 754 aut
404 713 468 754 non
503 691 691 771 accipienda
723 690 883 752 interdum
915 698 971 753 aut
1005 692 1196 771 deponenda
1219 715 1283 756 non

137 799 318 860 numquam.
363 778 551 841 Vacandum
582 784 690 840 autem
713 778 800 840 omni
817 783 873 859 est
897 777 995 840 animi
1028 780 1281 858 perturbatione,
1292 789 1325 840 69

137 887 207 928 curn
232 865 408 947 cupiditate
433 870 466 926 et
488 871 585 941 nicta,
623 870 692 925 tum
716 865 814 927 etiam
837 864 1037 943 aegritudine
1062 870 1094 926 et
1117 866 1281 946 voluptate

135 953 233 1016 nimia
257 957 289 1015 et
311 952 487 1028 iracundia,
511 956 547 1013 ut
569 950 786 1030 tranquillitas
820 951 918 1014 animi
940 956 972 1012 et
995 952 1151 1013 securitas
1186 952 1279 1027 adsit,

47 1057 50 1062 ·
135 1060 216 1119 qnae
241 1037 346 1101 adfert
370 1059 441 1099 cum
465 1038 704 1112 onustandam.
721 1042 789 1099 tum
814 1037 911 1099 etiam
943 1036 1141 1116 dignitatem.
1188 1038 1280 1100 Multi

97 1131 241 1188 mantem
265 1130 297 1186 et
313 1130 387 1193 sunt
403 1128 435 1186 et
458 1122 595 1202 fuerunt,
620 1124 674 1204 qui
690 1145 769 1199 eam,
795 1144 891 1203 (piram
907 1124 988 1202 dico,
1013 1123 1281 1205 tranquillitatem

134 1217 320 1292 expetentes
352 1232 371 1273 a
402 1211 538 1290 negotiis
573 1210 709 1291 publicis
744 1231 777 1272 se
812 1210 1007 1273 removerint
1040 1209 1082 1272 ad
1117 1211 1280 1291 otiumque

132 1297 347 1378 perfugerint;
370 1297 402 1358 in
418 1296 467 1359 his
483 1301 516 1361 et
528 1296 719 1361 nobilissimi
735 1296 919 1376 philosophi
936 1297 1095 1378 longeque
1119 1298 1280 1378 principes

28 1446 31 1451 .
133 1390 165 1447 et
188 1384 319 1465 quidam
341 1383 485 1446 homines
510 1384 612 1446 severi
628 1389 661 1446 et
677 1403 788 1463 graves
807 1404 867 1445 nec
889 1384 1001 1463 populi
1016 1405 1075 1446 nec
1100 1384 1280 1465 principum

100 1502 104 1507 ·
132 1492 236 1534 mores
260 1471 343 1534 ferre
366 1476 550 1550 potuerunt,
576 1471 784 1549 vixeruntque
818 1469 984 1532 nonnulli
1009 1471 1040 1532 in
1066 1471 1149 1550 agris
1174 1470 1279 1532 delec-

69 1586 72 1594 ·
95 1577 122 1615 15
132 1558 191 1619 tati
215 1578 249 1620 re
274 1579 332 1620 sua
355 1557 513 1620 familiari.
549 1557 606 1618 His
619 1557 704 1618 idem
728 1557 928 1636 propositum
944 1555 1012 1634 fnit,
1031 1556 1116 1636 qnod
1140 1556 1278 1635 regibus,
1290 1569 1323 1619 70

131 1650 229 1706 utne
253 1664 373 1723 quare
398 1649 538 1724 egerent,
569 1663 609 1704 ne
640 1643 690 1705 cai
720 1649 881 1722 parerent,
914 1642 1065 1706 libertate
1100 1648 1277 1722 uterentur,
1372 1668 1374 1677 ·

132 1730 220 1792 cuius
246 1731 409 1810 proprium
435 1734 483 1791 est
507 1729 551 1791 sic
574 1730 689 1801 vivere,
715 1735 751 1791 ut
773 1729 860 1791 velis.
901 1728 1005 1804 Quare
1023 1750 1095 1792 cum
1110 1729 1171 1792 hoc
1196 1747 1322 1803 com-21

130 1837 225 1877 mune
257 1816 298 1879 sit
331 1817 495 1895 potentiae
532 1816 721 1895 cupidorum
756 1835 826 1877 eum
849 1815 897 1893 iis,
933 1836 1013 1896 quos
1048 1815 1123 1893 dixi,
1156 1816 1276 1894 otiosis,

131 1902 224 1965 alteri
240 1923 274 1965 se
291 1902 426 1981 adipisci
442 1901 475 1963 id
491 1923 584 1982 posse
601 1902 808 1979 arbitrantur,
826 1903 852 1964 si
870 1922 946 1982 opes
967 1915 1102 1982 magnas
1126 1902 1276 1982 habeant,

16 1984 20 1989 ’
92 1989 233 2066 walteri,
259 1989 286 2051 si
309 1990 451 2051 contenti
486 1989 550 2050 sint
573 1995 605 2050 et
638 2009 695 2051 suo
720 1993 751 2051 et
778 2009 886 2069 parvo.
932 1988 1054 2069 Inque
1088 1995 1276 2052 neutrorum

131 2076 259 2139 omnino
291 2074 526 2138 contemnenda
560 2075 721 2138 sententia
744 2083 802 2153 est,
837 2077 894 2139 sed
918 2082 950 2138 et
972 2075 1098 2138 facilior
1121 2081 1154 2138 et
1176 2076 1276 2139 tutior

129 2170 163 2224 et
184 2163 288 2225 minus
312 2161 395 2241 aliis,
406 2162 511 2240 gravis
523 2168 579 2224 aut
601 2161 737 2224 molesta
760 2163 826 2224 vita
849 2169 898 2224 est
922 2162 1110 2240 otiosorum,
1132 2161 1273 2231 fructuo-

130 2249 194 2312 sior
218 2254 325 2311 antem
348 2247 511 2310 hominum
535 2249 644 2329 generi
662 2253 693 2310 et
709 2248 750 2310 ad
768 2247 948 2311 claritatem
965 2214 1272 2330 amplitudinemque
1313 2242 1316 2247 ⁴

129 2336 235 2416 aptior
258 2356 377 2412 eorum,
402 2335 455 2415 qui
480 2355 512 2397 se
536 2335 576 2397 ad
600 2356 668 2413 rem
691 2334 853 2414 publicam
874 2340 906 2398 et
929 2337 971 2398 ad
987 2355 1119 2416 magnas
1143 2356 1194 2397 res
1218 2356 1271 2415 ge-

57 2437 62 2449 ’
91 2422 245 2485 cerendas
280 2416 625 2506 accommodaverunt.)
657 2420 860 2502 Quapropter
884 2428 915 2484 et
938 2423 977 2484 iis
1000 2421 1136 2484 forsitan
1160 2434 1314 2484 conce-71

129 2509 268 2572 (lendum
292 2508 333 2570 sit
355 2529 423 2570 rem
454 2506 616 2588 publicam
638 2529 702 2569 non
737 2508 988 2587 capessentibus
1024 2509 1078 2588 qni
1103 2506 1272 2570 excellenti

128 2595 255 2674 ingenio
280 2594 444 2656 doctrinae
469 2613 537 2656 sese
562 2593 763 2671 dediderunt,
789 2600 820 2656 et
844 2594 891 2656 iis
917 2595 971 2673 qui
1002 2598 1058 2656 aut
1079 2592 1271 2656 valetudinis

127 2680 337 2744 inbecillitate
358 2685 414 2743 aut
436 2679 544 2759 aliqua
575 2681 720 2758 graviore
744 2701 841 2742 cansa
871 2680 1018 2760 impediti
1042 2701 1061 2742 a
1083 2700 1118 2742 re
1141 2679 1271 2761 publica

127 2771 328 2830 recesserunt
374 2787 445 2828 eum
480 2767 547 2828 eius
582 2765 855 2829 administrandae
889 2772 1084 2847 potestatem
1108 2766 1179 2829 aliis
1202 2766 1270 2829 lau-

89 2867 117 2906 ⁸0
128 2854 265 2934 demque
289 2853 518 2931 concederent3
554 2852 668 2933 quibus
700 2858 808 2915 autem
830 2853 905 2916 talis
936 2853 1025 2916 nulla
1048 2854 1089 2915 sit
1113 2874 1219 2930 eausa,
1245 2854 1271 2916 si

128 2939 292 3020 despicere
317 2961 350 3002 se
382 2939 491 3001 dicant
514 2960 561 3015 ea,
586 2960 668 3018 quae
702 2939 847 3020 plerique
881 2940 1045 3012 mirentur,
1081 2940 1216 3020 imperia
1239 2945 1271 3002 et

126 3027 342 3107 magistratus,
367 3026 405 3088 iis
418 3047 482 3088 non
494 3026 589 3088 modo
602 3047 666 3089 non
682 3026 780 3104 laudi,
804 3046 913 3089 verum
927 3027 1024 3088 etiarn
1036 3026 1112 3088 vitio
1130 3025 1270 3088 dandum

126 3119 213 3194 puto.
259 3112 399 3188 Quorum
422 3112 573 3175 iudicium
597 3114 630 3175 in
654 3133 700 3189 eo,
727 3112 812 3193 quod
844 3112 978 3192 gloriam
1009 3117 1215 3177 contemnant
1239 3119 1270 3175 et

125 3220 184 3280 pro
201 3199 299 3262 nihilo
315 3204 438 3279 putent,
463 3197 591 3261 difficile
615 3199 702 3261 factu
726 3207 775 3261 est
791 3219 854 3260 non
870 3199 1024 3279 probare3
1049 3198 1106 3261 sed
1122 3196 1271 3261 videntur

89 3297 116 3338 ³⁵
126 3285 253 3349 labores
285 3290 317 3347 et
347 3284 520 3362 molestias,
552 3293 619 3346 tum
651 3284 861 3348 offensionum
886 3292 917 3347 et
944 3285 1147 3367 repulsarum
1178 3286 1267 3364 quasi

126 3373 288 3454 quandam
310 3371 517 3452 ignominiam
539 3372 653 3433 timere
677 3377 710 3435 et
732 3371 905 3434 infamiam.
938 3372 1019 3434 Sunt
1041 3372 1135 3450 enim,
1159 3372 1213 3452 qui
1236 3372 1269 3434 in

126 3459 222 3523 rebus
246 3458 415 3521 contrariis
438 3479 551 3538 parum
575 3458 636 3520 sibi
660 3462 816 3535 constent,
848 3457 1046 3537 voluptatem
1070 3458 1267 3521 severissime

127 3551 343 3622 contemnant,
367 3542 526 3606 indolere
551 3544 614 3606 sint
629 3545 800 3621 molliores
826 3543 960 3624 gloriam
977 3544 1156 3624 neglegant,
1182 3543 1267 3606 fran-

126 3638 242 3713 gantur
264 3630 405 3709 infamia,
430 3635 527 3710 atque
551 3651 590 3693 ea
612 3630 742 3711 quidem
765 3651 829 3693 non
856 3630 934 3693 satis
965 3636 1158 3693 constanter.
1204 3629 1268 3693 'sed
1278 3642 1310 3691 72

215 3807 240 3856 9.
259 3804 343 3854 nimia
361 3803 454 3871 Orelli,
474 3803 537 3870 Ml.;
558 3804 641 3855 animi
659 3803 752 3870 codd,
772 3804 847 3871 quod
865 3804 927 3857 secl.
948 3805 991 3855 B.
1010 3834 1044 3841 -
1063 3806 1104 3856 30.
1124 3802 1158 3853 ait
1176 3802 1265 3870 codd,

37 3881 42 3891 ’
126 3888 170 3944 Bt.
178 3892 193 3958 ¹,
213 3891 275 3956 Ml.;
295 3898 332 3941 ert
350 3891 408 3943 ΒΗ
