2820 4178
426 169 495 222 ma
515 170 535 222 1.
573 170 649 224 car.
670 172 780 224 as-av.
817 170 998 241 §rao-132.
1150 242 1156 250 ¹
1221 175 1284 234 739

144 349 268 406 tantam
290 343 390 407 habet
411 348 519 406 vetere
555 343 725 425 disciplina
758 343 993 421 verecundiam,
1021 342 1113 406 utin
1137 364 1287 406 scaenam
1353 388 1356 397 ,

144 430 211 493 sine
247 429 445 511 subligaculo
479 431 617 513 prodeat
650 450 761 510 nemo,
795 436 946 494 verentur
977 431 1070 506 enim,
1095 449 1144 507 ne,
1173 430 1200 493 si
1223 450 1286 510 quo

143 537 219 580 casu
243 518 393 580 evenerit.
417 522 453 579 ut
477 517 620 598 corporis
643 523 753 599 partes
785 517 944 598 quaedam
975 517 1170 598 aperiantur,
1202 517 1286 597 aspi·

143 603 268 666 ciantnr
291 625 354 666 non
390 604 516 668 decore.
560 603 679 667 Nostro
714 604 845 685 quidem
880 624 969 667 more
994 624 1066 666 cum
1099 603 1288 684 parentibus

119 689 280 770 spuberes
303 689 371 767 filii,
406 711 478 755 cum
513 691 631 754 soceris
665 691 774 771 generi
808 711 872 753 non
906 690 1062 754 lavantur.
1108 689 1289 753 Retinenda

143 775 241 856 igitur
264 783 312 839 est
334 776 427 840 huius
459 778 584 859 generis
616 777 818 855 verecundia,
850 778 1042 858 praesertim
1072 782 1189 839 natura
1218 776 1289 857 ipsa

142 863 297 943 magistra
321 869 353 926 et
377 864 466 926 dirce.
1315 917 1352 975 36

230 948 309 1012 Cum
333 955 441 1012 autem
475 948 723 1030 pulchritudinis
747 950 809 1013 duo
840 970 960 1031 genera
982 950 1056 1027 sint,
1092 969 1226 1030 quorum
1256 949 1288 1010 in
1301 990 1351 1042 130

143 1035 245 1099 altero
269 1041 420 1099 venustas
444 1037 495 1098 sit.
519 1037 551 1098 in
576 1036 678 1099 altero
703 1036 851 1116 dignitas.
875 1041 1076 1111 venustatem
1101 1035 1289 1098 muliebrem

105 1122 260 1186 reducere
286 1121 448 1199 debemus,
474 1122 663 1203 dignitatem
687 1122 820 1186 virilem.
852 1123 938 1204 Ergo
962 1129 995 1186 et
1019 1145 1038 1185 a
1060 1122 1164 1186 forma
1185 1142 1289 1184 remo-

144 1214 257 1272 veatur
280 1210 381 1272 omnis
405 1209 472 1272 viro
495 1230 559 1272 non
583 1208 697 1288 dignus
722 1214 863 1287 ornatus,
888 1215 921 1272 et
942 1208 1016 1272 huic
1046 1209 1148 1272 simile
1178 1209 1290 1270 vitium

144 1295 176 1357 in
199 1301 292 1377 gestu
315 1303 469 1376 motuque
501 1301 663 1360 caveatur.
709 1295 792 1359 Nam
817 1301 849 1358 et
871 1295 1056 1376 palaestrici
1086 1301 1193 1365 motus
1217 1300 1291 1358 sunt

144 1402 240 1462 saepe
266 1382 451 1464 odiosiores
477 1390 510 1445 et
531 1381 724 1446 histrionum
748 1403 812 1445 non
836 1381 915 1444 nulli
937 1388 1046 1462 gestus
1074 1382 1203 1462 ineptiis
1226 1402 1290 1444 non

143 1474 268 1543 vacant,
302 1475 335 1532 et
357 1471 389 1531 in
420 1475 557 1550 utroque
589 1489 707 1550 genere
738 1489 820 1549 quae
851 1475 926 1532 sunt
954 1475 1044 1531 recta
1068 1477 1100 1531 et
1124 1468 1289 1549 simplicia,

106 1554 326 1619 claudantur.
372 1556 509 1619 Formae
533 1561 641 1619 autem
672 1555 813 1637 dignitas
845 1554 961 1618 coloris
992 1556 1138 1618 bonitate
1169 1554 1291 1617 tuenda

144 1645 202 1735 est,
237 1641 326 1704 color
366 1642 650 1706 exercitationibus
685 1643 839 1723 corporis.
886 1641 1077 1704 Adhibenda
1121 1646 1292 1722 praeterea

143 1727 303 1791 munditia
326 1735 374 1791 est
397 1749 462 1791 uon
486 1729 599 1792 odiosa
621 1749 725 1809 neque
750 1728 909 1809 exquisita
930 1729 1033 1804 nimis,
1057 1734 1183 1790 tantum
1208 1747 1290 1806 quae

143 1813 245 1894 fugiat
275 1821 436 1895 agrestem
460 1822 492 1878 θῖ
518 1815 725 1878 inhumanam
759 1814 1004 1895 neglegentiam.
1049 1813 1172 1877 Eadem
1206 1813 1289 1875 ratio

144 1907 193 1963 est
214 1901 364 1966 habenda
386 1903 529 1968 vestitus.
554 1904 587 1965 in
610 1923 683 1983 quo,
712 1903 796 1964 sicut
819 1903 851 1963 in
873 1901 1035 1982 plerisque
1058 1901 1164 1977 rebus,
1189 1899 1290 1962 medi-

106 1987 262 2050 aoocritas
286 1989 408 2068 optima
432 1995 488 2052 est.
514 1988 697 2052 Cavendum
721 1994 830 2051 autem
855 1993 913 2063 est,
937 2009 977 2050 ne
1001 1994 1058 2050 aut
1080 1986 1289 2050 tarditatibus
1303 2000 1350 2051 131

143 2084 273 2136 utamur
295 2078 330 2137 iu
345 2076 491 2157 ingressu
515 2075 725 2151 mollioribus,
749 2081 785 2138 ut
800 2095 992 2160 pomparum
1015 2074 1145 2138 ferculis
1169 2072 1289 2136 similes

144 2181 214 2224 esse
236 2161 412 2242 videamur,
437 2168 493 2226 aut
516 2164 548 2225 in
571 2162 832 2226 festinationibus
856 2163 1067 2242 suscipiamus
1098 2161 1214 2223 nimias
1238 2180 1290 2222 cc·

142 2245 297 2325 leritates,
322 2269 404 2329 quae
421 2271 492 2313 cum
507 2248 598 2323 fiunt,
616 2249 777 2312 anhelitus
793 2253 970 2311 moventur.
993 2247 1099 2310 vultus
1114 2252 1290 2326 mutantur,

144 2338 431 2415 oratorquentur3
455 2337 631 2416 exquibus
663 2357 779 2417 magna
810 2333 1001 2416 significatio
1023 2333 1060 2396 fit
1083 2355 1146 2397 non
1177 2333 1290 2397 adesse

106 2441 133 2480 25
144 2422 367 2483 constantiam.
415 2421 478 2484 Sed
512 2423 612 2485 multo
648 2424 746 2485 etiam
776 2422 878 2502 magis
909 2420 1141 2484 elaborandum
1169 2425 1227 2496 est,
1249 2439 1290 2482 ne
1375 2474 1380 2485 .

144 2507 242 2568 animi
264 2512 369 2570 motus
394 2529 413 2570 a
434 2514 552 2570 natura
580 2509 750 2586 recedant3
784 2509 870 2588 quod
901 2508 1124 2588 adaequemur,
1149 2507 1176 2568 si
1199 2526 1290 2569 cave-

144 2592 257 2669 bimus,
288 2614 329 2656 ne
352 2595 385 2655 in
407 2594 667 2674 perturbationes
697 2599 795 2675 atque
819 2595 1071 2657 exanimationes
1102 2591 1291 2670 incidamus,

145 2683 177 2740 et
200 2678 227 2740 si
250 2684 392 2742 attentos
424 2680 546 2743 animos
570 2681 612 2743 ad
640 2680 766 2742 decoris
797 2682 1071 2761 conservationem
1102 2678 1290 2742 tenebimus

144 2763 251 2827 Motus
285 2769 394 2829 autem
430 2766 608 2828 animorum
648 2766 791 2846 duplices
822 2772 913 2845 sunt,
952 2766 1047 2830 alteri
1078 2765 1290 2847 cogitationis,
1304 2776 1353 2827 132

107 2849 238 2914 unalteri
255 2851 435 2933 adpetitus,
460 2853 612 2933 cogitatio
629 2854 661 2932 in
677 2873 752 2916 vero
770 2852 965 2933 exquirendo
982 2854 1119 2915 maxime
1136 2858 1291 2929 versatur,

144 2937 308 3018 adpetitus
332 2938 469 3019 impellit
492 2939 533 3002 ad
558 2939 725 3020 agendum.
771 2938 954 3002 Curandum
978 2946 1028 3002 est
1049 2941 1155 3019 igitur,
1179 2944 1216 3002 ut
1238 2958 1291 3001 co-

144 3024 299 3104 gitatione
332 3026 373 3089 ad
395 3047 448 3089 res
483 3047 578 3106 quam
613 3028 751 3107 optimas
785 3031 923 3104 utamur,
958 3025 1139 3106 adpetitum
1172 3025 1290 3088 rationi

145 3109 371 3174 oboedientem
394 3113 616 3194 praebeamus.
675 3130 677 3135 ·

232 3196 273 3258 Et
297 3199 447 3277 quoniam
470 3221 587 3280 magna
602 3200 648 3262 vis
666 3199 821 3262 erationis
837 3203 895 3277 est,
921 3219 1021 3278 eaque
1044 3197 1170 3279 duplex,
1189 3197 1292 3260 altera
1319 3205 1354 3260 37

107 3306 133 3346 as
146 3284 369 3359 contentionis
394 3284 498 3347 altera
525 3282 690 3363 sermome,
725 3286 888 3349 contentio
924 3284 1211 3365 disceptationibus
1234 3284 1290 3345 tri-

144 3368 263 3432 buatur
296 3368 495 3449 iudiciorum,
535 3373 729 3450 contionum,
769 3377 909 3449 senatus,
949 3391 1052 3434 sermo
1086 3371 1119 3432 in
1154 3369 1303 3447 circulis,

145 3456 427 3537 disputationibus
445 3458 724 3538 congressionibus
740 3458 946 3521 familiarium
961 3462 1115 3534 versetur,
1136 3461 1291 3537 sequatur

145 3542 242 3605 etiam
266 3542 419 3606 convivia.
466 3541 686 3607 Contentionis
709 3549 884 3626 praecepta
906 3543 1072 3608 rhetorum
1095 3548 1178 3621 sunt,
1202 3541 1292 3604 nulla

145 3715 277 3765 toribaare
295 3715 348 3768 Lc.
376 3746 405 3754 -
425 3720 448 3770 9.
474 3717 509 3766 sit
527 3714 615 3782 codd,
636 3717 702 3781 Bw,
726 3716 789 3782 Ml.;
810 3724 845 3768 est
863 3716 963 3782 Halm,
982 3716 1041 3767 Bt²
1069 3745 1103 3752 —
1128 3717 1166 3766 13.
1186 3711 1292 3777 ineptiis

147 3820 199 3852 aaa
217 3810 311 3854 vacant
328 3803 423 3869 BHb,
444 3803 520 3870 edd.;
545 3803 629 3867 inepti
652 3821 704 3853 aaa
725 3810 820 3853 rurant
844 3803 991 3864 <adsensione
1013 3801 1098 3868 ch,
1124 3802 1239 3866 August.
1263 3831 1292 3838 -

90 3891 93 3894 ’
150 3892 193 3940 21.
212 3889 240 3938 ia
259 3888 321 3941 cdd.
341 3906 393 3942 om.
414 3889 493 3942 codd.
