<?xml version="1.0" encoding="UTF-8"?>
<!DOCTYPE html PUBLIC "-//W3C//DTD XHTML 1.0 Transitional//EN"
    "http://www.w3.org/TR/xhtml1/DTD/xhtml1-transitional.dtd">
<html xmlns="http://www.w3.org/1999/xhtml" xml:lang="en" lang="en">
 <head>
  <title>
</title>
<meta http-equiv="Content-Type" content="text/html;charset=utf-8" />
  <meta name='ocr-system' content='tesseract 3.04.00' />
  <meta name='ocr-capabilities' content='ocr_page ocr_carea ocr_par ocr_line ocrx_word'/>
</head>
<body>
  <div class='ocr_page' id='page_1' title='image "./deofficiislibri02cicegoog_0018.png"; bbox 0 0 2820 4178; ppageno 0'>
   <div class='ocr_carea' id='block_1_1' title="bbox 460 208 1270 278">
    <p class='ocr_par' dir='ltr' id='par_1_1' title="bbox 460 208 1270 278">
     <span class='ocr_line' id='line_1_1' title="bbox 460 208 1270 278; baseline 0.002 -17"><span class='ocrx_word' id='word_1_1' title='bbox 460 210 528 261; x_wconf 82' lang='lat' dir='ltr'>nm.</span> <span class='ocrx_word' id='word_1_2' title='bbox 548 208 568 260; x_wconf 90' lang='lat'>1.</span> <span class='ocrx_word' id='word_1_3' title='bbox 607 208 682 260; x_wconf 80' lang='lat' dir='ltr'>cnr.</span> <span class='ocrx_word' id='word_1_4' title='bbox 702 209 777 261; x_wconf 84' lang='lat'>3—5.</span> <span class='ocrx_word' id='word_1_5' title='bbox 815 209 942 278; x_wconf 70' lang='lat' dir='ltr'>§s-rs.</span> <span class='ocrx_word' id='word_1_6' title='bbox 1253 218 1270 273; x_wconf 77' lang='lat'>5</span> 
     </span>
    </p>
   </div>
   <div class='ocr_carea' id='block_1_2' title="bbox 66 383 1380 3579">
    <p class='ocr_par' dir='ltr' id='par_1_2' title="bbox 66 383 1380 3579">
     <span class='ocr_line' id='line_1_2' title="bbox 130 383 1272 467; baseline -0.003 -20"><span class='ocrx_word' id='word_1_7' title='bbox 130 385 242 467; x_wconf 88' lang='lat' dir='ltr'>primis</span> <span class='ocrx_word' id='word_1_8' title='bbox 271 385 480 466; x_wconf 87' lang='lat' dir='ltr'>praecipuum</span> <span class='ocrx_word' id='word_1_9' title='bbox 511 384 671 465; x_wconf 80' lang='lat' dir='ltr'>quendam</span> <span class='ocrx_word' id='word_1_10' title='bbox 701 403 843 446; x_wconf 87' lang='lat' dir='ltr'>amorem</span> <span class='ocrx_word' id='word_1_11' title='bbox 877 383 909 446; x_wconf 93' lang='lat' dir='ltr'>in</span> <span class='ocrx_word' id='word_1_12' title='bbox 934 404 997 462; x_wconf 90' lang='lat' dir='ltr'>eos,</span> <span class='ocrx_word' id='word_1_13' title='bbox 1033 383 1087 464; x_wconf 92' lang='lat' dir='ltr'>qui</span> <span class='ocrx_word' id='word_1_14' title='bbox 1110 383 1272 465; x_wconf 85' lang='lat' dir='ltr'>procreati</span> 
     </span>
     <span class='ocr_line' id='line_1_3' title="bbox 131 469 1272 552; baseline -0.001 -18"><span class='ocrx_word' id='word_1_15' title='bbox 131 478 214 547; x_wconf 85' lang='lat' dir='ltr'>sunt,</span> <span class='ocrx_word' id='word_1_16' title='bbox 237 470 445 552; x_wconf 78' lang='lat' dir='ltr'>impellitque,</span> <span class='ocrx_word' id='word_1_17' title='bbox 470 476 506 533; x_wconf 90' lang='lat' dir='ltr'>ut</span> <span class='ocrx_word' id='word_1_18' title='bbox 528 469 690 533; x_wconf 91' lang='lat' dir='ltr'>hominum</span> <span class='ocrx_word' id='word_1_19' title='bbox 714 476 824 532; x_wconf 88' lang='lat' dir='ltr'>coetus</span> <span class='ocrx_word' id='word_1_20' title='bbox 841 477 874 532; x_wconf 89' lang='lat' dir='ltr'>et</span> <span class='ocrx_word' id='word_1_21' title='bbox 890 469 1123 534; x_wconf 78' lang='lat' dir='ltr'>celebrationes</span> <span class='ocrx_word' id='word_1_22' title='bbox 1147 477 1180 533; x_wconf 88' lang='lat' dir='ltr'>et</span> <span class='ocrx_word' id='word_1_23' title='bbox 1202 491 1272 533; x_wconf 88' lang='lat' dir='ltr'>esse</span> 
     </span>
     <span class='ocr_line' id='line_1_4' title="bbox 132 556 1283 638; baseline -0.002 -17"><span class='ocrx_word' id='word_1_24' title='bbox 132 565 164 621; x_wconf 92' lang='lat' dir='ltr'>et</span> <span class='ocrx_word' id='word_1_25' title='bbox 187 579 207 620; x_wconf 90' lang='lat' dir='ltr'>a</span> <span class='ocrx_word' id='word_1_26' title='bbox 230 579 263 621; x_wconf 88' lang='lat' dir='ltr'>se</span> <span class='ocrx_word' id='word_1_27' title='bbox 288 557 370 622; x_wconf 90' lang='lat' dir='ltr'>obiri</span> <span class='ocrx_word' id='word_1_28' title='bbox 392 557 469 620; x_wconf 83' lang='lat' dir='ltr'>velit</span> <span class='ocrx_word' id='word_1_29' title='bbox 491 557 532 620; x_wconf 92' lang='lat' dir='ltr'>ob</span> <span class='ocrx_word' id='word_1_30' title='bbox 556 565 674 637; x_wconf 87' lang='lat' dir='ltr'>easque</span> <span class='ocrx_word' id='word_1_31' title='bbox 695 577 808 619; x_wconf 87' lang='lat' dir='ltr'>causas</span> <span class='ocrx_word' id='word_1_32' title='bbox 825 556 954 619; x_wconf 77' lang='lat' dir='ltr'>studeat</span> <span class='ocrx_word' id='word_1_33' title='bbox 976 577 1093 638; x_wconf 87' lang='lat' dir='ltr'>parare</span> <span class='ocrx_word' id='word_1_34' title='bbox 1117 577 1165 635; x_wconf 88' lang='lat' dir='ltr'>ea,</span> <span class='ocrx_word' id='word_1_35' title='bbox 1189 576 1283 637; x_wconf 88' lang='lat' dir='ltr'>quae·</span> 
     </span>
     <span class='ocr_line' id='line_1_5' title="bbox 131 642 1273 726; baseline -0.002 -19"><span class='ocrx_word' id='word_1_36' title='bbox 131 644 338 726; x_wconf 81' lang='lat' dir='ltr'>suppeditent</span> <span class='ocrx_word' id='word_1_37' title='bbox 360 644 402 707; x_wconf 92' lang='lat' dir='ltr'>ad</span> <span class='ocrx_word' id='word_1_38' title='bbox 425 644 546 707; x_wconf 90' lang='lat' dir='ltr'>cultum</span> <span class='ocrx_word' id='word_1_39' title='bbox 570 649 602 706; x_wconf 90' lang='lat' dir='ltr'>et</span> <span class='ocrx_word' id='word_1_40' title='bbox 626 643 667 706; x_wconf 90' lang='lat' dir='ltr'>ad</span> <span class='ocrx_word' id='word_1_41' title='bbox 688 642 816 720; x_wconf 75' lang='lat' dir='ltr'>victum,</span> <span class='ocrx_word' id='word_1_42' title='bbox 841 664 900 706; x_wconf 90' lang='lat' dir='ltr'>nec</span> <span class='ocrx_word' id='word_1_43' title='bbox 924 643 985 706; x_wconf 89' lang='lat' dir='ltr'>sibi</span> <span class='ocrx_word' id='word_1_44' title='bbox 1016 643 1085 721; x_wconf 92' lang='lat' dir='ltr'>soli,</span> <span class='ocrx_word' id='word_1_45' title='bbox 1117 645 1173 706; x_wconf 92' lang='lat' dir='ltr'>sed</span> <span class='ocrx_word' id='word_1_46' title='bbox 1198 663 1273 707; x_wconf 90' lang='lat' dir='ltr'>con-</span> 
     </span>
     <span class='ocr_line' id='line_1_6' title="bbox 108 729 1273 812; baseline -0.002 -18"><span class='ocrx_word' id='word_1_47' title='bbox 108 732 212 812; x_wconf 80' lang='lat' dir='ltr'>siugi,</span> <span class='ocrx_word' id='word_1_48' title='bbox 243 731 353 794; x_wconf 82' lang='lat' dir='ltr'>liberis</span> <span class='ocrx_word' id='word_1_49' title='bbox 384 729 572 810; x_wconf 89' lang='lat' dir='ltr'>ceterisque,</span> <span class='ocrx_word' id='word_1_50' title='bbox 597 749 678 810; x_wconf 89' lang='lat' dir='ltr'>quos</span> <span class='ocrx_word' id='word_1_51' title='bbox 701 750 793 792; x_wconf 88' lang='lat' dir='ltr'>caros</span> <span class='ocrx_word' id='word_1_52' title='bbox 823 729 944 793; x_wconf 85' lang='lat' dir='ltr'>habeat</span> <span class='ocrx_word' id='word_1_53' title='bbox 967 729 1113 810; x_wconf 87' lang='lat' dir='ltr'>tuerique</span> <span class='ocrx_word' id='word_1_54' title='bbox 1137 730 1273 808; x_wconf 71' lang='lat' dir='ltr'>debeat3</span> 
     </span>
     <span class='ocr_line' id='line_1_7' title="bbox 131 815 1272 901; baseline 0 -21"><span class='ocrx_word' id='word_1_55' title='bbox 131 819 213 898; x_wconf 83' lang='lat' dir='ltr'>quae</span> <span class='ocrx_word' id='word_1_56' title='bbox 236 839 313 880; x_wconf 87' lang='lat' dir='ltr'>cura</span> <span class='ocrx_word' id='word_1_57' title='bbox 343 817 519 879; x_wconf 85' lang='lat' dir='ltr'>exsuscitat</span> <span class='ocrx_word' id='word_1_58' title='bbox 549 816 646 879; x_wconf 89' lang='lat' dir='ltr'>etiam</span> <span class='ocrx_word' id='word_1_59' title='bbox 670 816 793 878; x_wconf 88' lang='lat' dir='ltr'>animos</span> <span class='ocrx_word' id='word_1_60' title='bbox 826 824 858 879; x_wconf 90' lang='lat' dir='ltr'>et</span> <span class='ocrx_word' id='word_1_61' title='bbox 887 815 1025 901; x_wconf 87' lang='lat' dir='ltr'>maiores</span> <span class='ocrx_word' id='word_1_62' title='bbox 1054 817 1096 879; x_wconf 92' lang='lat' dir='ltr'>ad</span> <span class='ocrx_word' id='word_1_63' title='bbox 1126 838 1195 879; x_wconf 87' lang='lat' dir='ltr'>rem</span> <span class='ocrx_word' id='word_1_64' title='bbox 1217 837 1272 896; x_wconf 84' lang='lat' dir='ltr'>ge·</span> 
     </span>
     <span class='ocr_line' id='line_1_8' title="bbox 130 902 1315 984; baseline -0.001 -18"><span class='ocrx_word' id='word_1_65' title='bbox 130 905 264 968; x_wconf 85' lang='lat' dir='ltr'>rendam</span> <span class='ocrx_word' id='word_1_66' title='bbox 288 904 373 966; x_wconf 77' lang='lat' dir='ltr'>tacit.</span> <span class='ocrx_word' id='word_1_67' title='bbox 419 903 454 964; x_wconf 93' lang='grc'>111</span> <span class='ocrx_word' id='word_1_68' title='bbox 478 903 653 983; x_wconf 81' lang='lat' dir='ltr'>primisque</span> <span class='ocrx_word' id='word_1_69' title='bbox 683 903 820 965; x_wconf 88' lang='lat' dir='ltr'>hominis</span> <span class='ocrx_word' id='word_1_70' title='bbox 852 908 901 965; x_wconf 87' lang='lat' dir='ltr'>est</span> <span class='ocrx_word' id='word_1_71' title='bbox 923 902 1055 983; x_wconf 88' lang='lat' dir='ltr'>propria</span> <span class='ocrx_word' id='word_1_72' title='bbox 1077 903 1144 966; x_wconf 86' lang='lat' dir='ltr'>veri</span> <span class='ocrx_word' id='word_1_73' title='bbox 1167 902 1271 984; x_wconf 92' lang='lat' dir='ltr'>inqui·</span> <span class='ocrx_word' id='word_1_74' title='bbox 1283 920 1315 972; x_wconf 84' lang='lat'>13</span> 
     </span>
     <span class='ocr_line' id='line_1_9' title="bbox 132 989 1380 1073; baseline -0.005 -21"><span class='ocrx_word' id='word_1_75' title='bbox 132 991 204 1054; x_wconf 91' lang='lat' dir='ltr'>sitio</span> <span class='ocrx_word' id='word_1_76' title='bbox 235 997 332 1071; x_wconf 87' lang='lat' dir='ltr'>atque</span> <span class='ocrx_word' id='word_1_77' title='bbox 364 989 576 1068; x_wconf 82' lang='lat' dir='ltr'>investigatio.</span> <span class='ocrx_word' id='word_1_78' title='bbox 622 989 735 1068; x_wconf 87' lang='lat' dir='ltr'>ltaque</span> <span class='ocrx_word' id='word_1_79' title='bbox 767 1011 838 1051; x_wconf 90' lang='lat' dir='ltr'>cum</span> <span class='ocrx_word' id='word_1_80' title='bbox 862 1010 970 1051; x_wconf 88' lang='lat' dir='ltr'>sumus</span> <span class='ocrx_word' id='word_1_81' title='bbox 1002 989 1192 1052; x_wconf 87' lang='lat' dir='ltr'>necessariis</span> <span class='ocrx_word' id='word_1_82' title='bbox 1216 1011 1272 1052; x_wconf 90' lang='lat' dir='ltr'>ne·</span> <span class='ocrx_word' id='word_1_83' title='bbox 1327 1069 1328 1073; x_wconf 7' lang='grc' dir='ltr'><strong>Ἰ</strong></span> <span class='ocrx_word' id='word_1_84' title='bbox 1372 1033 1380 1046; x_wconf 79' lang='grc'>..</span> 
     </span>
     <span class='ocr_line' id='line_1_10' title="bbox 131 1075 1271 1157; baseline -0.001 -18"><span class='ocrx_word' id='word_1_85' title='bbox 131 1077 225 1157; x_wconf 88' lang='lat' dir='ltr'>gotiis</span> <span class='ocrx_word' id='word_1_86' title='bbox 257 1077 404 1155; x_wconf 88' lang='lat' dir='ltr'>curisque</span> <span class='ocrx_word' id='word_1_87' title='bbox 438 1075 539 1154; x_wconf 80' lang='lat' dir='ltr'>vacui,</span> <span class='ocrx_word' id='word_1_88' title='bbox 574 1082 643 1138; x_wconf 90' lang='lat' dir='ltr'>tum</span> <span class='ocrx_word' id='word_1_89' title='bbox 678 1096 807 1138; x_wconf 85' lang='lat' dir='ltr'>avemus</span> <span class='ocrx_word' id='word_1_90' title='bbox 839 1075 960 1154; x_wconf 91' lang='lat' dir='ltr'>aliquid</span> <span class='ocrx_word' id='word_1_91' title='bbox 994 1075 1112 1154; x_wconf 82' lang='lat' dir='ltr'>videre,</span> <span class='ocrx_word' id='word_1_92' title='bbox 1149 1076 1271 1153; x_wconf 87' lang='lat' dir='ltr'>audire,</span> 
     </span>
     <span class='ocr_line' id='line_1_11' title="bbox 94 1161 1360 1242; baseline -0.002 -16"><span class='ocrx_word' id='word_1_93' title='bbox 94 1189 120 1226; x_wconf 75' lang='grc' dir='ltr'>ιο</span> <span class='ocrx_word' id='word_1_94' title='bbox 131 1164 298 1226; x_wconf 85' lang='lat' dir='ltr'>addiscere</span> <span class='ocrx_word' id='word_1_95' title='bbox 330 1161 606 1242; x_wconf 78' lang='lat' dir='ltr'>cognitionemque</span> <span class='ocrx_word' id='word_1_96' title='bbox 639 1183 746 1225; x_wconf 88' lang='lat' dir='ltr'>rerum</span> <span class='ocrx_word' id='word_1_97' title='bbox 778 1168 833 1224; x_wconf 88' lang='lat' dir='ltr'>aut</span> <span class='ocrx_word' id='word_1_98' title='bbox 867 1163 1065 1225; x_wconf 86' lang='lat' dir='ltr'>occultarum</span> <span class='ocrx_word' id='word_1_99' title='bbox 1090 1168 1146 1224; x_wconf 90' lang='lat' dir='ltr'>aut</span> <span class='ocrx_word' id='word_1_100' title='bbox 1170 1163 1271 1239; x_wconf 86' lang='lat' dir='ltr'>admi·</span> <span class='ocrx_word' id='word_1_101' title='bbox 1321 1220 1323 1224; x_wconf 87' lang='lat'>.</span> <span class='ocrx_word' id='word_1_102' title='bbox 1356 1208 1360 1223; x_wconf 53' lang='lat'><em>2</em></span> 
     </span>
     <span class='ocr_line' id='line_1_12' title="bbox 131 1247 1270 1329; baseline 0.001 -18"><span class='ocrx_word' id='word_1_103' title='bbox 131 1249 280 1314; x_wconf 91' lang='lat' dir='ltr'>rabilium</span> <span class='ocrx_word' id='word_1_104' title='bbox 303 1249 344 1312; x_wconf 90' lang='lat' dir='ltr'>ad</span> <span class='ocrx_word' id='word_1_105' title='bbox 367 1249 462 1312; x_wconf 89' lang='lat' dir='ltr'>beate</span> <span class='ocrx_word' id='word_1_106' title='bbox 485 1248 654 1311; x_wconf 84' lang='lat' dir='ltr'>vivendum</span> <span class='ocrx_word' id='word_1_107' title='bbox 684 1247 901 1310; x_wconf 85' lang='lat' dir='ltr'>necessariam</span> <span class='ocrx_word' id='word_1_108' title='bbox 936 1248 1089 1311; x_wconf 80' lang='lat' dir='ltr'>ducimus.</span> <span class='ocrx_word' id='word_1_109' title='bbox 1136 1248 1270 1329; x_wconf 82' lang='lat' dir='ltr'>Exque</span> 
     </span>
     <span class='ocr_line' id='line_1_13' title="bbox 130 1335 1271 1417; baseline 0.001 -20"><span class='ocrx_word' id='word_1_110' title='bbox 130 1336 335 1417; x_wconf 84' lang='lat' dir='ltr'>intellegitur,</span> <span class='ocrx_word' id='word_1_111' title='bbox 367 1336 453 1416; x_wconf 92' lang='lat' dir='ltr'>quod</span> <span class='ocrx_word' id='word_1_112' title='bbox 483 1356 602 1409; x_wconf 88' lang='lat' dir='ltr'>verum,</span> <span class='ocrx_word' id='word_1_113' title='bbox 635 1335 771 1415; x_wconf 83' lang='lat' dir='ltr'>simplex</span> <span class='ocrx_word' id='word_1_114' title='bbox 803 1335 1026 1415; x_wconf 83' lang='lat' dir='ltr'>sincerumque</span> <span class='ocrx_word' id='word_1_115' title='bbox 1059 1336 1109 1412; x_wconf 87' lang='lat' dir='ltr'>sit,</span> <span class='ocrx_word' id='word_1_116' title='bbox 1143 1336 1177 1397; x_wconf 93' lang='lat' dir='ltr'>id</span> <span class='ocrx_word' id='word_1_117' title='bbox 1201 1355 1271 1398; x_wconf 88' lang='lat' dir='ltr'>esse</span> 
     </span>
     <span class='ocr_line' id='line_1_14' title="bbox 130 1421 1272 1503; baseline 0 -19"><span class='ocrx_word' id='word_1_118' title='bbox 130 1429 265 1486; x_wconf 84' lang='lat' dir='ltr'>naturae</span> <span class='ocrx_word' id='word_1_119' title='bbox 299 1422 436 1484; x_wconf 92' lang='lat' dir='ltr'>hominis</span> <span class='ocrx_word' id='word_1_120' title='bbox 471 1422 680 1503; x_wconf 88' lang='lat' dir='ltr'>aptissimum.</span> <span class='ocrx_word' id='word_1_121' title='bbox 726 1421 808 1484; x_wconf 83' lang='lat' dir='ltr'>Huic</span> <span class='ocrx_word' id='word_1_122' title='bbox 843 1422 909 1484; x_wconf 84' lang='lat' dir='ltr'>veri</span> <span class='ocrx_word' id='word_1_123' title='bbox 943 1421 1071 1484; x_wconf 82' lang='lat' dir='ltr'>videndi</span> <span class='ocrx_word' id='word_1_124' title='bbox 1102 1421 1272 1502; x_wconf 82' lang='lat' dir='ltr'>cupiditati</span> 
     </span>
     <span class='ocr_line' id='line_1_15' title="bbox 124 1507 1271 1602; baseline 0 -32"><span class='ocrx_word' id='word_1_125' title='bbox 124 1510 283 1572; x_wconf 68' lang='lat' dir='ltr'>,adiuncta</span> <span class='ocrx_word' id='word_1_126' title='bbox 306 1515 355 1571; x_wconf 88' lang='lat' dir='ltr'>est</span> <span class='ocrx_word' id='word_1_127' title='bbox 374 1508 530 1589; x_wconf 84' lang='lat' dir='ltr'>adpetitio</span> <span class='ocrx_word' id='word_1_128' title='bbox 547 1508 706 1588; x_wconf 86' lang='lat' dir='ltr'>quaedam</span> <span class='ocrx_word' id='word_1_129' title='bbox 722 1508 931 1588; x_wconf 68' lang='lat' dir='ltr'>principatus</span> <span class='ocrx_word' id='word_1_130' title='bbox 955 1513 992 1570; x_wconf 89' lang='lat' dir='ltr'>ut</span> <span class='ocrx_word' id='word_1_131' title='bbox 1014 1507 1133 1602; x_wconf 58' lang='lat' dir='ltr'>neqnipr&#39;</span> <span class='ocrx_word' id='word_1_132' title='bbox 1155 1528 1271 1588; x_wconf 89' lang='lat' dir='ltr'>parere</span> 
     </span>
     <span class='ocr_line' id='line_1_16' title="bbox 94 1588 1271 1674; baseline 0 -17"><span class='ocrx_word' id='word_1_133' title='bbox 94 1596 255 1658; x_wconf 72' lang='lat' dir='ltr'>munimus</span> <span class='ocrx_word' id='word_1_134' title='bbox 277 1595 359 1657; x_wconf 88' lang='lat' dir='ltr'>bene</span> <span class='ocrx_word' id='word_1_135' title='bbox 383 1596 574 1657; x_wconf 82' lang='lat' dir='ltr'>informatus</span> <span class='ocrx_word' id='word_1_136' title='bbox 598 1616 617 1657; x_wconf 91' lang='lat' dir='ltr'>a</span> <span class='ocrx_word' id='word_1_137' title='bbox 640 1599 757 1657; x_wconf 88' lang='lat' dir='ltr'>natura</span> <span class='ocrx_word' id='word_1_138' title='bbox 787 1595 863 1656; x_wconf 82' lang='lat' dir='ltr'>velit</span> <span class='ocrx_word' id='word_1_139' title='bbox 894 1595 956 1657; x_wconf 88' lang='lat' dir='ltr'>nisi</span> <span class='ocrx_word' id='word_1_140' title='bbox 978 1588 1190 1674; x_wconf 80' lang='lat' dir='ltr'>praecipienti</span> <span class='ocrx_word' id='word_1_141' title='bbox 1215 1600 1271 1657; x_wconf 89' lang='lat' dir='ltr'>aut</span> 
     </span>
     <span class='ocr_line' id='line_1_17' title="bbox 132 1680 1271 1761; baseline 0 -17"><span class='ocrx_word' id='word_1_142' title='bbox 132 1682 259 1744; x_wconf 86' lang='lat' dir='ltr'>docenti</span> <span class='ocrx_word' id='word_1_143' title='bbox 279 1687 335 1742; x_wconf 92' lang='lat' dir='ltr'>aut</span> <span class='ocrx_word' id='word_1_144' title='bbox 354 1681 503 1742; x_wconf 82' lang='lat' dir='ltr'>utilitatis</span> <span class='ocrx_word' id='word_1_145' title='bbox 524 1701 621 1742; x_wconf 88' lang='lat' dir='ltr'>cansa</span> <span class='ocrx_word' id='word_1_146' title='bbox 640 1682 723 1743; x_wconf 90' lang='lat' dir='ltr'>iuste</span> <span class='ocrx_word' id='word_1_147' title='bbox 736 1687 769 1742; x_wconf 91' lang='lat' dir='ltr'>et</span> <span class='ocrx_word' id='word_1_148' title='bbox 785 1681 925 1761; x_wconf 83' lang='lat' dir='ltr'>legitime</span> <span class='ocrx_word' id='word_1_149' title='bbox 941 1680 1128 1761; x_wconf 83' lang='lat' dir='ltr'>imperanti3</span> <span class='ocrx_word' id='word_1_150' title='bbox 1152 1700 1271 1760; x_wconf 86' lang='lat' dir='ltr'>exque</span> 
     </span>
     <span class='ocr_line' id='line_1_18' title="bbox 130 1765 1270 1847; baseline 0.001 -18"><span class='ocrx_word' id='word_1_151' title='bbox 130 1767 317 1847; x_wconf 87' lang='lat' dir='ltr'>magnitudo</span> <span class='ocrx_word' id='word_1_152' title='bbox 348 1767 446 1828; x_wconf 88' lang='lat' dir='ltr'>animi</span> <span class='ocrx_word' id='word_1_153' title='bbox 476 1767 585 1828; x_wconf 87' lang='lat' dir='ltr'>existit</span> <span class='ocrx_word' id='word_1_154' title='bbox 616 1765 890 1847; x_wconf 86' lang='lat' dir='ltr'>humanarumque</span> <span class='ocrx_word' id='word_1_155' title='bbox 921 1787 1028 1829; x_wconf 87' lang='lat' dir='ltr'>rerum</span> <span class='ocrx_word' id='word_1_156' title='bbox 1064 1767 1270 1847; x_wconf 86' lang='lat' dir='ltr'>contemptio.</span> 
     </span>
     <span class='ocr_line' id='line_1_19' title="bbox 130 1852 1316 1934; baseline 0.006 -20"><span class='ocrx_word' id='word_1_157' title='bbox 130 1854 197 1916; x_wconf 77' lang='lat' dir='ltr'>Nec</span> <span class='ocrx_word' id='word_1_158' title='bbox 220 1874 294 1916; x_wconf 86' lang='lat' dir='ltr'>vero</span> <span class='ocrx_word' id='word_1_159' title='bbox 317 1852 374 1915; x_wconf 90' lang='lat' dir='ltr'>illa</span> <span class='ocrx_word' id='word_1_160' title='bbox 397 1853 565 1934; x_wconf 68' lang='lat' dir='ltr'>perraris</span> <span class='ocrx_word' id='word_1_161' title='bbox 589 1858 724 1916; x_wconf 89' lang='lat' dir='ltr'>naturae</span> <span class='ocrx_word' id='word_1_162' title='bbox 749 1860 797 1916; x_wconf 90' lang='lat' dir='ltr'>est</span> <span class='ocrx_word' id='word_1_163' title='bbox 825 1853 1032 1934; x_wconf 86' lang='lat' dir='ltr'>rationisque,</span> <span class='ocrx_word' id='word_1_164' title='bbox 1064 1852 1150 1934; x_wconf 92' lang='lat' dir='ltr'>quod</span> <span class='ocrx_word' id='word_1_165' title='bbox 1173 1875 1270 1917; x_wconf 87' lang='lat' dir='ltr'>unum</span> <span class='ocrx_word' id='word_1_166' title='bbox 1282 1871 1316 1921; x_wconf 85' lang='lat'>14</span> 
     </span>
     <span class='ocr_line' id='line_1_20' title="bbox 131 1938 1271 2020; baseline 0.002 -20"><span class='ocrx_word' id='word_1_167' title='bbox 131 1938 192 2003; x_wconf 87' lang='lat' dir='ltr'>boc</span> <span class='ocrx_word' id='word_1_168' title='bbox 215 1939 334 2002; x_wconf 90' lang='lat' dir='ltr'>animal</span> <span class='ocrx_word' id='word_1_169' title='bbox 365 1945 472 2013; x_wconf 83' lang='lat' dir='ltr'>sentit,</span> <span class='ocrx_word' id='word_1_170' title='bbox 504 1940 580 2019; x_wconf 90' lang='lat' dir='ltr'>quid</span> <span class='ocrx_word' id='word_1_171' title='bbox 604 1941 646 2002; x_wconf 88' lang='lat' dir='ltr'>sit</span> <span class='ocrx_word' id='word_1_172' title='bbox 669 1940 758 2016; x_wconf 88' lang='lat' dir='ltr'>orde,</span> <span class='ocrx_word' id='word_1_173' title='bbox 790 1939 867 2020; x_wconf 91' lang='lat' dir='ltr'>quid</span> <span class='ocrx_word' id='word_1_174' title='bbox 890 1940 941 2017; x_wconf 87' lang='lat' dir='ltr'>sit,</span> <span class='ocrx_word' id='word_1_175' title='bbox 973 1939 1059 2020; x_wconf 90' lang='lat' dir='ltr'>quod</span> <span class='ocrx_word' id='word_1_176' title='bbox 1090 1940 1214 2018; x_wconf 88' lang='lat' dir='ltr'>deceat,</span> <span class='ocrx_word' id='word_1_177' title='bbox 1238 1941 1271 2002; x_wconf 93' lang='lat' dir='ltr'>in</span> 
     </span>
     <span class='ocr_line' id='line_1_21' title="bbox 93 2026 1270 2108; baseline 0.002 -20"><span class='ocrx_word' id='word_1_178' title='bbox 93 2050 120 2089; x_wconf 82' lang='grc' dir='ltr'>1ο</span> <span class='ocrx_word' id='word_1_179' title='bbox 133 2026 225 2089; x_wconf 87' lang='lat' dir='ltr'>lactis</span> <span class='ocrx_word' id='word_1_180' title='bbox 260 2026 417 2105; x_wconf 88' lang='lat' dir='ltr'>dictisque</span> <span class='ocrx_word' id='word_1_181' title='bbox 452 2026 506 2106; x_wconf 90' lang='lat' dir='ltr'>qui</span> <span class='ocrx_word' id='word_1_182' title='bbox 540 2027 664 2090; x_wconf 85' lang='lat' dir='ltr'>modus</span> <span class='ocrx_word' id='word_1_183' title='bbox 709 2027 822 2106; x_wconf 86' lang='lat' dir='ltr'>ltaque</span> <span class='ocrx_word' id='word_1_184' title='bbox 857 2047 967 2089; x_wconf 90' lang='lat' dir='ltr'>eorum</span> <span class='ocrx_word' id='word_1_185' title='bbox 1000 2027 1152 2108; x_wconf 88' lang='lat' dir='ltr'>ipsorum,</span> <span class='ocrx_word' id='word_1_186' title='bbox 1188 2048 1270 2108; x_wconf 88' lang='lat' dir='ltr'>quae</span> 
     </span>
     <span class='ocr_line' id='line_1_22' title="bbox 131 2112 1269 2194; baseline 0.003 -20"><span class='ocrx_word' id='word_1_187' title='bbox 131 2119 263 2194; x_wconf 87' lang='lat' dir='ltr'>aspectu</span> <span class='ocrx_word' id='word_1_188' title='bbox 280 2115 470 2190; x_wconf 85' lang='lat' dir='ltr'>sentiuntur,</span> <span class='ocrx_word' id='word_1_189' title='bbox 495 2112 616 2175; x_wconf 90' lang='lat' dir='ltr'>nullum</span> <span class='ocrx_word' id='word_1_190' title='bbox 633 2112 719 2175; x_wconf 89' lang='lat' dir='ltr'>aliud</span> <span class='ocrx_word' id='word_1_191' title='bbox 740 2113 858 2176; x_wconf 90' lang='lat' dir='ltr'>animal</span> <span class='ocrx_word' id='word_1_192' title='bbox 874 2112 1155 2194; x_wconf 88' lang='lat' dir='ltr'>pulchritudinem,</span> <span class='ocrx_word' id='word_1_193' title='bbox 1172 2135 1269 2177; x_wconf 78' lang='lat' dir='ltr'>renu-</span> 
     </span>
     <span class='ocr_line' id='line_1_23' title="bbox 131 2199 1269 2280; baseline 0.002 -18"><span class='ocrx_word' id='word_1_194' title='bbox 131 2205 257 2278; x_wconf 88' lang='lat' dir='ltr'>statem,</span> <span class='ocrx_word' id='word_1_195' title='bbox 289 2200 545 2263; x_wconf 69' lang='lat' dir='ltr'>convenientiam</span> <span class='ocrx_word' id='word_1_196' title='bbox 562 2200 716 2280; x_wconf 25' lang='lat' dir='ltr'>,partium</span> <span class='ocrx_word' id='word_1_197' title='bbox 747 2201 860 2267; x_wconf 84' lang='lat' dir='ltr'>sentit:</span> <span class='ocrx_word' id='word_1_198' title='bbox 897 2221 992 2280; x_wconf 89' lang='lat' dir='ltr'>quam</span> <span class='ocrx_word' id='word_1_199' title='bbox 1027 2199 1269 2264; x_wconf 87' lang='lat' dir='ltr'>similitudinem</span> 
     </span>
     <span class='ocr_line' id='line_1_24' title="bbox 131 2285 1270 2366; baseline 0.003 -19"><span class='ocrx_word' id='word_1_200' title='bbox 131 2292 246 2349; x_wconf 89' lang='lat' dir='ltr'>natura</span> <span class='ocrx_word' id='word_1_201' title='bbox 268 2287 415 2366; x_wconf 89' lang='lat' dir='ltr'>ratioque</span> <span class='ocrx_word' id='word_1_202' title='bbox 431 2286 471 2350; x_wconf 86' lang='lat' dir='ltr'>ab</span> <span class='ocrx_word' id='word_1_203' title='bbox 489 2285 589 2348; x_wconf 89' lang='lat' dir='ltr'>oculis</span> <span class='ocrx_word' id='word_1_204' title='bbox 606 2287 647 2348; x_wconf 90' lang='lat' dir='ltr'>ad</span> <span class='ocrx_word' id='word_1_205' title='bbox 664 2287 805 2349; x_wconf 89' lang='lat' dir='ltr'>animum</span> <span class='ocrx_word' id='word_1_206' title='bbox 826 2286 1024 2350; x_wconf 84' lang='lat' dir='ltr'>transferens</span> <span class='ocrx_word' id='word_1_207' title='bbox 1047 2286 1148 2350; x_wconf 89' lang='lat' dir='ltr'>multo</span> <span class='ocrx_word' id='word_1_208' title='bbox 1172 2287 1270 2350; x_wconf 89' lang='lat' dir='ltr'>etiam</span> 
     </span>
     <span class='ocr_line' id='line_1_25' title="bbox 129 2372 1268 2454; baseline 0 -18"><span class='ocrx_word' id='word_1_209' title='bbox 129 2375 231 2454; x_wconf 86' lang='lat' dir='ltr'>magis</span> <span class='ocrx_word' id='word_1_210' title='bbox 247 2372 525 2454; x_wconf 87' lang='lat' dir='ltr'>pulchritudinem,</span> <span class='ocrx_word' id='word_1_211' title='bbox 551 2373 774 2447; x_wconf 74' lang='lat' dir='ltr'>constantiam,</span> <span class='ocrx_word' id='word_1_212' title='bbox 792 2373 937 2436; x_wconf 87' lang='lat' dir='ltr'>ordinem</span> <span class='ocrx_word' id='word_1_213' title='bbox 951 2374 984 2434; x_wconf 92' lang='lat' dir='ltr'>in</span> <span class='ocrx_word' id='word_1_214' title='bbox 1001 2374 1142 2435; x_wconf 89' lang='lat' dir='ltr'>consiliis</span> <span class='ocrx_word' id='word_1_215' title='bbox 1158 2373 1268 2436; x_wconf 85' lang='lat' dir='ltr'>factis-</span> 
     </span>
     <span class='ocr_line' id='line_1_26' title="bbox 92 2458 1267 2540; baseline 0.001 -19"><span class='ocrx_word' id='word_1_216' title='bbox 92 2482 191 2539; x_wconf 77' lang='lat' dir='ltr'>asque</span> <span class='ocrx_word' id='word_1_217' title='bbox 216 2461 466 2522; x_wconf 84' lang='lat' dir='ltr'>conservandam</span> <span class='ocrx_word' id='word_1_218' title='bbox 489 2466 583 2540; x_wconf 89' lang='lat' dir='ltr'>putat</span> <span class='ocrx_word' id='word_1_219' title='bbox 606 2466 770 2539; x_wconf 79' lang='lat' dir='ltr'>cavetque,</span> <span class='ocrx_word' id='word_1_220' title='bbox 801 2480 841 2522; x_wconf 93' lang='lat' dir='ltr'>ne</span> <span class='ocrx_word' id='word_1_221' title='bbox 873 2459 950 2539; x_wconf 88' lang='lat' dir='ltr'>quid</span> <span class='ocrx_word' id='word_1_222' title='bbox 973 2459 1123 2521; x_wconf 84' lang='lat' dir='ltr'>indecore</span> <span class='ocrx_word' id='word_1_223' title='bbox 1148 2458 1267 2522; x_wconf 84' lang='lat' dir='ltr'>effemi-</span> 
     </span>
     <span class='ocr_line' id='line_1_27' title="bbox 131 2545 1267 2626; baseline 0.005 -20"><span class='ocrx_word' id='word_1_224' title='bbox 131 2551 243 2609; x_wconf 81' lang='lat' dir='ltr'>nateve</span> <span class='ocrx_word' id='word_1_225' title='bbox 274 2546 381 2609; x_wconf 78' lang='lat' dir='ltr'>taciat</span> <span class='ocrx_word' id='word_1_226' title='bbox 418 2553 485 2608; x_wconf 91' lang='lat' dir='ltr'>tum</span> <span class='ocrx_word' id='word_1_227' title='bbox 516 2546 547 2607; x_wconf 91' lang='lat' dir='ltr'>in</span> <span class='ocrx_word' id='word_1_228' title='bbox 580 2546 726 2609; x_wconf 91' lang='lat' dir='ltr'>omnibus</span> <span class='ocrx_word' id='word_1_229' title='bbox 758 2552 790 2608; x_wconf 90' lang='lat' dir='ltr'>et</span> <span class='ocrx_word' id='word_1_230' title='bbox 820 2545 1023 2626; x_wconf 87' lang='lat' dir='ltr'>opinionibus</span> <span class='ocrx_word' id='word_1_231' title='bbox 1055 2551 1087 2608; x_wconf 90' lang='lat' dir='ltr'>et</span> <span class='ocrx_word' id='word_1_232' title='bbox 1109 2545 1204 2608; x_wconf 85' lang='lat' dir='ltr'>factis</span> <span class='ocrx_word' id='word_1_233' title='bbox 1227 2567 1267 2613; x_wconf 83' lang='lat' dir='ltr'>ne</span> 
     </span>
     <span class='ocr_line' id='line_1_28' title="bbox 130 2630 1266 2711; baseline 0.006 -23"><span class='ocrx_word' id='word_1_234' title='bbox 130 2632 206 2710; x_wconf 92' lang='lat' dir='ltr'>quid</span> <span class='ocrx_word' id='word_1_235' title='bbox 229 2633 399 2695; x_wconf 90' lang='lat' dir='ltr'>libidinose</span> <span class='ocrx_word' id='word_1_236' title='bbox 423 2639 479 2694; x_wconf 89' lang='lat' dir='ltr'>aut</span> <span class='ocrx_word' id='word_1_237' title='bbox 501 2631 600 2693; x_wconf 84' lang='lat' dir='ltr'>faeiat</span> <span class='ocrx_word' id='word_1_238' title='bbox 623 2639 678 2694; x_wconf 89' lang='lat' dir='ltr'>aut</span> <span class='ocrx_word' id='word_1_239' title='bbox 702 2633 830 2711; x_wconf 84' lang='lat' dir='ltr'>cogitet.</span> <span class='ocrx_word' id='word_1_240' title='bbox 866 2630 987 2706; x_wconf 79' lang='lat' dir='ltr'>Quibus</span> <span class='ocrx_word' id='word_1_241' title='bbox 1011 2653 1050 2694; x_wconf 87' lang='lat' dir='ltr'>ex</span> <span class='ocrx_word' id='word_1_242' title='bbox 1072 2633 1168 2696; x_wconf 90' lang='lat' dir='ltr'>rebus</span> <span class='ocrx_word' id='word_1_243' title='bbox 1193 2653 1266 2695; x_wconf 88' lang='lat' dir='ltr'>con·</span> 
     </span>
     <span class='ocr_line' id='line_1_29' title="bbox 129 2717 1317 2800; baseline 0.002 -21"><span class='ocrx_word' id='word_1_244' title='bbox 129 2718 225 2780; x_wconf 83' lang='lat' dir='ltr'>llatur</span> <span class='ocrx_word' id='word_1_245' title='bbox 248 2725 279 2780; x_wconf 86' lang='lat' dir='ltr'>et</span> <span class='ocrx_word' id='word_1_246' title='bbox 293 2717 430 2780; x_wconf 79' lang='lat' dir='ltr'>efficitur</span> <span class='ocrx_word' id='word_1_247' title='bbox 445 2718 487 2781; x_wconf 89' lang='lat' dir='ltr'>id.</span> <span class='ocrx_word' id='word_1_248' title='bbox 509 2719 595 2798; x_wconf 91' lang='lat' dir='ltr'>quod</span> <span class='ocrx_word' id='word_1_249' title='bbox 612 2719 805 2798; x_wconf 69' lang='lat' dir='ltr'>quaerimus,</span> <span class='ocrx_word' id='word_1_250' title='bbox 828 2718 1008 2795; x_wconf 88' lang='lat' dir='ltr'>honestum,</span> <span class='ocrx_word' id='word_1_251' title='bbox 1021 2718 1116 2796; x_wconf 90' lang='lat' dir='ltr'>quod,</span> <span class='ocrx_word' id='word_1_252' title='bbox 1141 2719 1267 2781; x_wconf 90' lang='lat' dir='ltr'>etiamsi</span> <span class='ocrx_word' id='word_1_253' title='bbox 1315 2797 1317 2800; x_wconf 9' lang='lat' dir='ltr'>y</span> 
     </span>
     <span class='ocr_line' id='line_1_30' title="bbox 129 2804 1266 2885; baseline 0 -19"><span class='ocrx_word' id='word_1_254' title='bbox 129 2805 334 2868; x_wconf 89' lang='lat' dir='ltr'>nobilitatum</span> <span class='ocrx_word' id='word_1_255' title='bbox 356 2825 419 2866; x_wconf 91' lang='lat' dir='ltr'>non</span> <span class='ocrx_word' id='word_1_256' title='bbox 443 2804 493 2877; x_wconf 77' lang='lat' dir='ltr'>sit,</span> <span class='ocrx_word' id='word_1_257' title='bbox 529 2810 638 2867; x_wconf 89' lang='lat' dir='ltr'>tamen</span> <span class='ocrx_word' id='word_1_258' title='bbox 660 2804 831 2867; x_wconf 88' lang='lat' dir='ltr'>honestum</span> <span class='ocrx_word' id='word_1_259' title='bbox 855 2810 912 2882; x_wconf 91' lang='lat' dir='ltr'>est,</span> <span class='ocrx_word' id='word_1_260' title='bbox 948 2804 1097 2885; x_wconf 91' lang='lat' dir='ltr'>quodque</span> <span class='ocrx_word' id='word_1_261' title='bbox 1120 2824 1195 2867; x_wconf 82' lang='lat' dir='ltr'>rere</span> <span class='ocrx_word' id='word_1_262' title='bbox 1219 2805 1266 2868; x_wconf 91' lang='lat' dir='ltr'>di-</span> 
     </span>
     <span class='ocr_line' id='line_1_31' title="bbox 90 2890 1156 2967; baseline -0.001 -13"><span class='ocrx_word' id='word_1_263' title='bbox 90 2916 118 2955; x_wconf 84' lang='grc' dir='ltr'>1ο</span> <span class='ocrx_word' id='word_1_264' title='bbox 130 2894 238 2955; x_wconf 86' lang='lat' dir='ltr'>cimus.</span> <span class='ocrx_word' id='word_1_265' title='bbox 264 2891 390 2954; x_wconf 86' lang='lat' dir='ltr'>etiamsi</span> <span class='ocrx_word' id='word_1_266' title='bbox 413 2890 542 2954; x_wconf 91' lang='lat' dir='ltr'>anullo</span> <span class='ocrx_word' id='word_1_267' title='bbox 565 2890 725 2967; x_wconf 87' lang='lat' dir='ltr'>laudetur,</span> <span class='ocrx_word' id='word_1_268' title='bbox 751 2896 868 2954; x_wconf 86' lang='lat' dir='ltr'>natura</span> <span class='ocrx_word' id='word_1_269' title='bbox 892 2912 961 2954; x_wconf 90' lang='lat' dir='ltr'>esse</span> <span class='ocrx_word' id='word_1_270' title='bbox 985 2891 1156 2955; x_wconf 91' lang='lat' dir='ltr'>laudabile.</span> 
     </span>
     <span class='ocr_line' id='line_1_32' title="bbox 214 2954 1310 3082; baseline 0.002 -43"><span class='ocrx_word' id='word_1_271' title='bbox 214 2978 363 3041; x_wconf 82' lang='lat' dir='ltr'>Formam</span> <span class='ocrx_word' id='word_1_272' title='bbox 387 2977 516 3082; x_wconf 85' lang='lat' dir='ltr'>quidem</span> <span class='ocrx_word' id='word_1_273' title='bbox 538 2978 651 3057; x_wconf 85' lang='lat' dir='ltr'>ipsam,</span> <span class='ocrx_word' id='word_1_274' title='bbox 683 2977 791 3041; x_wconf 87' lang='lat' dir='ltr'>Marce</span> <span class='ocrx_word' id='word_1_275' title='bbox 822 2976 876 3056; x_wconf 90' lang='lat' dir='ltr'>fili,</span> <span class='ocrx_word' id='word_1_276' title='bbox 909 2984 941 3040; x_wconf 92' lang='lat' dir='ltr'>et</span> <span class='ocrx_word' id='word_1_277' title='bbox 964 2983 1128 3057; x_wconf 91' lang='lat' dir='ltr'>tamquam</span> <span class='ocrx_word' id='word_1_278' title='bbox 1151 2954 1310 3079; x_wconf 51' lang='lat' dir='ltr'>faciem?5</span> 
     </span>
     <span class='ocr_line' id='line_1_33' title="bbox 66 3063 1267 3144; baseline 0.002 -19"><span class='ocrx_word' id='word_1_279' title='bbox 66 3094 68 3099; x_wconf 96' lang='lat'>·</span> <span class='ocrx_word' id='word_1_280' title='bbox 128 3064 254 3126; x_wconf 88' lang='lat' dir='ltr'>honesti</span> <span class='ocrx_word' id='word_1_281' title='bbox 277 3064 376 3142; x_wconf 76' lang='grc'><strong>111111,</strong></span> <span class='ocrx_word' id='word_1_282' title='bbox 411 3085 512 3144; x_wconf 92' lang='lat' dir='ltr'>quae</span> <span class='ocrx_word' id='word_1_283' title='bbox 537 3065 570 3127; x_wconf 91' lang='lat' dir='ltr'>si</span> <span class='ocrx_word' id='word_1_284' title='bbox 595 3065 731 3128; x_wconf 89' lang='lat' dir='ltr'>oculis</span> <span class='ocrx_word' id='word_1_285' title='bbox 756 3069 1020 3141; x_wconf 86' lang='lat' dir='ltr'>cerneretur,</span> <span class='ocrx_word' id='word_1_286' title='bbox 1045 3063 1267 3128; x_wconf 86' lang='lat' dir='ltr'>mirabiles</span> 
     </span>
     <span class='ocr_line' id='line_1_34' title="bbox 128 3143 1327 3231; baseline 0.003 -21"><span class='ocrx_word' id='word_1_287' title='bbox 128 3143 309 3226; x_wconf 81' lang='lat' dir='ltr'>amores&#39;,</span> <span class='ocrx_word' id='word_1_288' title='bbox 344 3155 380 3212; x_wconf 90' lang='lat' dir='ltr'>nt</span> <span class='ocrx_word' id='word_1_289' title='bbox 413 3151 459 3212; x_wconf 89' lang='lat' dir='ltr'>ait</span> <span class='ocrx_word' id='word_1_290' title='bbox 492 3150 594 3229; x_wconf 87' lang='lat' dir='ltr'>Plat0,</span> <span class='ocrx_word' id='word_1_291' title='bbox 627 3143 856 3215; x_wconf 82' lang='lat' dir='ltr'>‘excitaret</span> <span class='ocrx_word' id='word_1_292' title='bbox 891 3143 1155 3231; x_wconf 84' lang='lat' dir='ltr'>sapientiae&#39;.</span> <span class='ocrx_word' id='word_1_293' title='bbox 1203 3150 1266 3214; x_wconf 86' lang='lat' dir='ltr'>Sed</span> <span class='ocrx_word' id='word_1_294' title='bbox 1324 3193 1327 3197; x_wconf 93' lang='lat'><em>-</em></span> 
     </span>
     <span class='ocr_line' id='line_1_35' title="bbox 128 3236 1266 3318; baseline 0.003 -22"><span class='ocrx_word' id='word_1_295' title='bbox 128 3254 229 3312; x_wconf 92' lang='lat' dir='ltr'>omne,</span> <span class='ocrx_word' id='word_1_296' title='bbox 265 3236 351 3315; x_wconf 88' lang='lat' dir='ltr'>qnod</span> <span class='ocrx_word' id='word_1_297' title='bbox 386 3242 435 3299; x_wconf 86' lang='lat' dir='ltr'>est</span> <span class='ocrx_word' id='word_1_298' title='bbox 469 3236 648 3315; x_wconf 89' lang='lat' dir='ltr'>honestum,</span> <span class='ocrx_word' id='word_1_299' title='bbox 683 3238 716 3301; x_wconf 93' lang='lat' dir='ltr'>id</span> <span class='ocrx_word' id='word_1_300' title='bbox 751 3243 904 3318; x_wconf 87' lang='lat' dir='ltr'>quattuor</span> <span class='ocrx_word' id='word_1_301' title='bbox 937 3237 1078 3318; x_wconf 87' lang='lat' dir='ltr'>partium</span> <span class='ocrx_word' id='word_1_302' title='bbox 1103 3237 1204 3299; x_wconf 84' lang='lat' dir='ltr'>oritur·</span> <span class='ocrx_word' id='word_1_303' title='bbox 1227 3258 1266 3300; x_wconf 87' lang='lat' dir='ltr'>ex</span> 
     </span>
     <span class='ocr_line' id='line_1_36' title="bbox 89 3321 1267 3403; baseline 0 -18"><span class='ocrx_word' id='word_1_304' title='bbox 89 3345 116 3385; x_wconf 81' lang='lat' dir='ltr'>es</span> <span class='ocrx_word' id='word_1_305' title='bbox 127 3321 250 3402; x_wconf 90' lang='lat' dir='ltr'>aliqua:</span> <span class='ocrx_word' id='word_1_306' title='bbox 275 3329 330 3384; x_wconf 91' lang='lat' dir='ltr'>aut</span> <span class='ocrx_word' id='word_1_307' title='bbox 354 3323 438 3385; x_wconf 89' lang='lat' dir='ltr'>enim</span> <span class='ocrx_word' id='word_1_308' title='bbox 468 3323 501 3384; x_wconf 92' lang='lat' dir='ltr'>in</span> <span class='ocrx_word' id='word_1_309' title='bbox 527 3324 754 3403; x_wconf 88' lang='lat' dir='ltr'>perspicientia</span> <span class='ocrx_word' id='word_1_310' title='bbox 784 3326 851 3386; x_wconf 73' lang='lat' dir='ltr'>reri</span> <span class='ocrx_word' id='word_1_311' title='bbox 882 3323 1089 3403; x_wconf 87' lang='lat' dir='ltr'>sollertiaque</span> <span class='ocrx_word' id='word_1_312' title='bbox 1120 3330 1267 3386; x_wconf 86' lang='lat' dir='ltr'>versatur</span> 
     </span>
     <span class='ocr_line' id='line_1_37' title="bbox 127 3408 1265 3491; baseline 0 -19"><span class='ocrx_word' id='word_1_313' title='bbox 127 3408 237 3472; x_wconf 89' lang='lat' dir='ltr'>autin</span> <span class='ocrx_word' id='word_1_314' title='bbox 259 3408 423 3471; x_wconf 90' lang='lat' dir='ltr'>hominum</span> <span class='ocrx_word' id='word_1_315' title='bbox 447 3409 601 3472; x_wconf 88' lang='lat' dir='ltr'>societate</span> <span class='ocrx_word' id='word_1_316' title='bbox 635 3411 755 3473; x_wconf 86' lang='lat' dir='ltr'>tuenda</span> <span class='ocrx_word' id='word_1_317' title='bbox 778 3411 1012 3491; x_wconf 87' lang='lat' dir='ltr'>tribuendoque</span> <span class='ocrx_word' id='word_1_318' title='bbox 1037 3431 1128 3472; x_wconf 89' lang='lat' dir='ltr'>suum</span> <span class='ocrx_word' id='word_1_319' title='bbox 1153 3412 1265 3490; x_wconf 90' lang='lat' dir='ltr'>cuique</span> 
     </span>
     <span class='ocr_line' id='line_1_38' title="bbox 127 3493 1267 3579; baseline 0 -21"><span class='ocrx_word' id='word_1_320' title='bbox 127 3499 160 3558; x_wconf 87' lang='lat' dir='ltr'>et</span> <span class='ocrx_word' id='word_1_321' title='bbox 181 3516 288 3558; x_wconf 91' lang='lat' dir='ltr'>rerum</span> <span class='ocrx_word' id='word_1_322' title='bbox 313 3501 549 3558; x_wconf 90' lang='lat' dir='ltr'>contractarum</span> <span class='ocrx_word' id='word_1_323' title='bbox 572 3493 635 3559; x_wconf 87' lang='lat' dir='ltr'>fide</span> <span class='ocrx_word' id='word_1_324' title='bbox 659 3497 762 3559; x_wconf 89' lang='lat' dir='ltr'>autin</span> <span class='ocrx_word' id='word_1_325' title='bbox 777 3497 874 3561; x_wconf 87' lang='lat' dir='ltr'>animi</span> <span class='ocrx_word' id='word_1_326' title='bbox 898 3497 1015 3561; x_wconf 89' lang='lat' dir='ltr'>excelsi</span> <span class='ocrx_word' id='word_1_327' title='bbox 1037 3501 1135 3579; x_wconf 88' lang='lat' dir='ltr'>atque</span> <span class='ocrx_word' id='word_1_328' title='bbox 1158 3497 1267 3559; x_wconf 88' lang='lat' dir='ltr'>invicti</span> 
     </span>
    </p>
   </div>
   <div class='ocr_carea' id='block_1_3' title="bbox 84 3668 1300 3999">
    <p class='ocr_par' dir='ltr' id='par_1_3' title="bbox 84 3668 1300 3999">
     <span class='ocr_line' id='line_1_39' title="bbox 123 3668 1264 3735; baseline 0 -17"><span class='ocrx_word' id='word_1_329' title='bbox 123 3675 281 3733; x_wconf 73' lang='lat' dir='ltr'>generatque</span> <span class='ocrx_word' id='word_1_330' title='bbox 305 3699 338 3705; x_wconf 89' lang='lat'><em>-</em></span> <span class='ocrx_word' id='word_1_331' title='bbox 367 3668 500 3735; x_wconf 78' lang='lat' dir='ltr'>procreati</span> <span class='ocrx_word' id='word_1_332' title='bbox 531 3674 591 3717; x_wconf 78' lang='lat' dir='ltr'>aunt</span> <span class='ocrx_word' id='word_1_333' title='bbox 606 3710 609 3717; x_wconf 74' lang='grc'><strong><em>,</em></strong></span> <span class='ocrx_word' id='word_1_334' title='bbox 624 3668 687 3720; x_wconf 89' lang='lat' dir='ltr'>secl.</span> <span class='ocrx_word' id='word_1_335' title='bbox 718 3668 993 3734; x_wconf 70' lang='lat' dir='ltr'>Faoeiolatus,·Bt.²</span> <span class='ocrx_word' id='word_1_336' title='bbox 1023 3701 1056 3707; x_wconf 91' lang='lat'>—</span> <span class='ocrx_word' id='word_1_337' title='bbox 1091 3672 1130 3721; x_wconf 87' lang='lat'>15.</span> <span class='ocrx_word' id='word_1_338' title='bbox 1162 3668 1264 3731; x_wconf 74' lang='lat' dir='ltr'>praeci-</span> 
     </span>
     <span class='ocr_line' id='line_1_40' title="bbox 84 3753 1274 3822; baseline -0.001 -19"><span class='ocrx_word' id='word_1_339' title='bbox 84 3762 87 3767; x_wconf 85' lang='grc'><em>·</em></span> <span class='ocrx_word' id='word_1_340' title='bbox 120 3753 205 3817; x_wconf 79' lang='lat' dir='ltr'>picati</span> <span class='ocrx_word' id='word_1_341' title='bbox 222 3755 284 3807; x_wconf 88' lang='lat' dir='ltr'>secl.</span> <span class='ocrx_word' id='word_1_342' title='bbox 304 3755 397 3806; x_wconf 89' lang='lat' dir='ltr'>Herm.</span> <span class='ocrx_word' id='word_1_343' title='bbox 418 3754 536 3822; x_wconf 84' lang='lat' dir='ltr'>Sauppe,</span> <span class='ocrx_word' id='word_1_344' title='bbox 562 3755 605 3807; x_wconf 86' lang='lat' dir='ltr'>Bt.</span> <span class='ocrx_word' id='word_1_345' title='bbox 626 3786 659 3793; x_wconf 93' lang='lat'>—</span> <span class='ocrx_word' id='word_1_346' title='bbox 680 3758 721 3808; x_wconf 86' lang='lat'>20.</span> <span class='ocrx_word' id='word_1_347' title='bbox 741 3755 786 3822; x_wconf 83' lang='lat' dir='ltr'>qui</span> <span class='ocrx_word' id='word_1_348' title='bbox 804 3754 893 3821; x_wconf 75' lang='lat' dir='ltr'>codd,</span> <span class='ocrx_word' id='word_1_349' title='bbox 913 3756 978 3820; x_wconf 90' lang='lat' dir='ltr'>Bt.&#39;·,</span> <span class='ocrx_word' id='word_1_350' title='bbox 998 3755 1061 3819; x_wconf 78' lang='lat' dir='ltr'>Ml.;</span> <span class='ocrx_word' id='word_1_351' title='bbox 1081 3754 1274 3816; x_wconf 45' lang='grc' dir='ltr'>1111111111Ὶ</span> 
     </span>
     <span class='ocr_line' id='line_1_41' title="bbox 96 3830 1300 3910; baseline -0.019 -17"><span class='ocrx_word' id='word_1_352' title='bbox 96 3830 98 3837; x_wconf 47' lang='lat'><strong>¹</strong></span> <span class='ocrx_word' id='word_1_353' title='bbox 123 3839 181 3893; x_wconf 55' lang='lat' dir='ltr'>Bt}</span> <span class='ocrx_word' id='word_1_354' title='bbox 194 3870 228 3878; x_wconf 91' lang='lat'><em>-</em></span> <span class='ocrx_word' id='word_1_355' title='bbox 240 3843 282 3892; x_wconf 81' lang='lat'>25.</span> <span class='ocrx_word' id='word_1_356' title='bbox 302 3842 506 3893; x_wconf 72' lang='lat' dir='ltr'>censer-noudum</span> <span class='ocrx_word' id='word_1_357' title='bbox 526 3841 617 3910; x_wconf 83' lang='lat' dir='ltr'>codd,</span> <span class='ocrx_word' id='word_1_358' title='bbox 634 3841 704 3909; x_wconf 59' lang='lat' dir='ltr'>lille,</span> <span class='ocrx_word' id='word_1_359' title='bbox 723 3842 912 3893; x_wconf 68' lang='lat' dir='ltr'>conseruando,</span> <span class='ocrx_word' id='word_1_360' title='bbox 930 3856 1000 3892; x_wconf 70' lang='grc'><strong>11111</strong></span> <span class='ocrx_word' id='word_1_361' title='bbox 1015 3837 1103 3888; x_wconf 58' lang='lat' dir='ltr'>cond.</span> <span class='ocrx_word' id='word_1_362' title='bbox 1119 3834 1237 3890; x_wconf 52' lang='grc'><strong>1111111</strong></span> <span class='ocrx_word' id='word_1_363' title='bbox 1247 3841 1300 3872; x_wconf 58' lang='lat' dir='ltr'>zz-</span> 
     </span>
     <span class='ocr_line' id='line_1_42' title="bbox 119 3926 918 3999; baseline 0.004 -23"><span class='ocrx_word' id='word_1_364' title='bbox 119 3926 288 3980; x_wconf 81' lang='lat' dir='ltr'>centioribns</span> <span class='ocrx_word' id='word_1_365' title='bbox 306 3929 352 3982; x_wconf 91' lang='lat' dir='ltr'>Bt.</span> <span class='ocrx_word' id='word_1_366' title='bbox 372 3962 408 3970; x_wconf 92' lang='lat'><em>-</em></span> <span class='ocrx_word' id='word_1_367' title='bbox 428 3934 470 3986; x_wconf 82' lang='lat'>29.</span> <span class='ocrx_word' id='word_1_368' title='bbox 492 3940 528 3985; x_wconf 76' lang='lat' dir='ltr'>ert</span> <span class='ocrx_word' id='word_1_369' title='bbox 549 3931 657 3999; x_wconf 71' lang='lat' dir='ltr'>Orelli3</span> <span class='ocrx_word' id='word_1_370' title='bbox 675 3932 714 3983; x_wconf 72' lang='lat' dir='ltr'>ait</span> <span class='ocrx_word' id='word_1_371' title='bbox 732 3929 830 3998; x_wconf 71' lang='lat' dir='ltr'>codd,</span> <span class='ocrx_word' id='word_1_372' title='bbox 848 3928 918 3981; x_wconf 75' lang='lat' dir='ltr'>edd.</span> 
     </span>
    </p>
   </div>
   <div class='ocr_carea' id='block_1_4' title="bbox 0 0 1414 4178">
    <p class='ocr_par' dir='ltr' id='par_1_4' title="bbox 0 0 1414 4178">
     <span class='ocr_line' id='line_1_43' title="bbox 0 0 1414 4178; baseline 0 0"><span class='ocrx_word' id='word_1_373' title='bbox 0 0 1414 4178; x_wconf 95' lang='lat' dir='ltr'> </span> 
     </span>
    </p>
   </div>
  </div>
 </body>
</html>
