2820 4178
118 125 159 186 72
567 124 617 178 DE
637 124 798 179 enricus.

115 301 156 363 ad
180 298 322 382 singulos
345 305 504 383 spectant,
528 299 680 381 deinceps
697 301 737 365 de
752 300 802 377 iis,
827 321 909 380 quae
924 299 965 362 ad
981 301 1146 377 universos
1161 320 1256 380 quae·
1312 374 1315 380 4

114 407 176 468 que
200 387 332 449 adrem
366 386 528 468 publicam
562 387 734 467 pertinent,
770 387 1001 468 disputandum
1032 394 1089 451 est.
1134 386 1257 450 Eorum

113 476 221 536 autem
243 473 388 554 ipsorum
410 473 528 554 partim
552 474 620 536 eius
644 472 731 537 modi
754 480 838 553 sunt,
861 478 898 536 ut
920 475 962 536 ad
985 475 1150 537 universos
1174 493 1256 535 ores

112 561 304 641 pertineant,
339 561 467 639 partim,
503 560 646 643 singulos
669 564 705 622 ut
728 561 905 642 attingant,
940 581 1022 640 quae
1057 565 1132 624 sunt
1159 559 1257 622 etiam

112 648 265 726 gratiora.
313 644 429 709 Danda
452 667 551 728 opera
575 653 624 709 est
648 647 787 725 omuino,
819 647 846 711 si
869 648 980 727 possit,
1011 649 1166 727 utrisque,
1197 666 1296 716 neos

112 733 226 810 minue,
251 738 287 795 ut
310 734 408 796 etiam
443 732 577 815 singulis
612 731 806 813 consulatur,
841 733 898 795 sed
920 735 975 810 ita,
1007 739 1043 796 ut
1066 755 1105 797 ea
1127 754 1178 796 res
1202 736 1258 795 aut

112 820 215 902 prosit
237 828 294 881 aut
324 824 411 882 certe
435 840 475 882 ne
499 820 584 883 obsit
603 821 650 883 rei
680 819 840 900 publicae.
887 818 923 883 O.
948 819 1088 884 Gracchi
1117 819 1256 882 frumen·

82 928 85 938 ’
111 905 196 969 taria
219 904 488 988 magnalargitm,
513 905 721 969 exhauriebat
742 907 842 989 igitur
862 908 1038 985 aerarium,
1061 906 1189 969 modica
1211 905 1255 967 M.

112 991 223 1079 Octavi
248 999 280 1055 et
302 992 521 1073 reipublicae
543 993 721 1057 tolerabilis
745 999 778 1055 et
800 994 888 1077 plebi
912 993 1104 1069 necessaria,
1130 997 1257 1075 ergoet
1348 1007 1350 1011 ·

70 1079 232 1144 l3oivibus
257 1089 289 1142 et
310 1079 358 1142 rei
381 1078 530 1162 publicae
554 1078 714 1142 salutaris,
752 1079 790 1141 In
813 1077 925 1164 primis
949 1087 1057 1143 autem
1080 1077 1256 1142 videndum
1267 1107 1296 1146 ro

112 1166 172 1229 erit
192 1166 231 1245 ei,
260 1166 315 1246 qui
349 1187 418 1228 rem
452 1165 615 1246 publicam
649 1165 897 1246 administrabit,
929 1172 964 1229 ut
995 1188 1086 1229 suum
1121 1167 1256 1246 quisque

110 1258 221 1315 teneat
254 1273 358 1332 neque
389 1252 429 1314 de
460 1253 553 1316 bonis
588 1253 785 1338 privatorum
818 1253 946 1336 publice
981 1253 1158 1315 deminutio
1188 1250 1254 1314 fiat.

111 1338 293 1402 Perniciose
317 1340 401 1402 enim
425 1338 600 1421 Philippus,
624 1341 656 1402 in
681 1339 848 1402 tribunatu
872 1361 944 1402 cum
966 1337 1070 1419 legem
1093 1338 1256 1420 agrariam

111 1424 219 1503 ferret,
254 1445 351 1505 quam
384 1432 493 1490 tamen
525 1426 687 1506 antiquari
721 1425 815 1489 facile
849 1447 964 1507 passus
1000 1431 1050 1487 est
1085 1431 1117 1488 et
1151 1425 1184 1486 in
1217 1444 1254 1486 co

111 1511 315 1574 vehementer
346 1533 380 1575 se
411 1513 612 1576 moderatum
643 1512 802 1593 praebuit,
827 1551 868 1559 -
893 1512 950 1576 sed
974 1533 1047 1575 curn
1070 1512 1104 1573 in
1127 1510 1254 1593 agendo
1266 1537 1293 1578 15

78 1662 81 1667 Δ
111 1597 213 1660 multa
247 1598 461 1679 populariter,
497 1605 566 1662 tum
600 1598 679 1661 illud
712 1599 807 1678 male,
840 1593 918 1662 ‘non
952 1620 1022 1662 esse
1057 1598 1090 1660 in
1125 1597 1254 1661 civitate

53 1712 58 1721 ·
87 1684 174 1748 ‘duo
208 1683 297 1747 milia
330 1683 511 1759 homiuum,
548 1687 602 1766 qui
636 1706 705 1748 rem
738 1679 914 1750 haberent?
963 1684 1118 1766 Capitalis
1150 1683 1254 1747 oratio

38 1772 41 1779 '
111 1778 168 1848 est,
204 1771 245 1834 ad
280 1772 506 1852 aequationem
539 1771 698 1835 bonorum
731 1774 911 1853 pcrtincns3
947 1793 1012 1852 qua
1045 1777 1137 1853 peste
1172 1791 1254 1851 quae
1360 1802 1364 1807 ·

22 1894 25 1905 ν
109 1862 218 1939 potest
256 1877 325 1920 esse
364 1857 489 1921 maior?
527 1859 619 1921 Hane
658 1859 742 1921 enim
782 1860 822 1922 ob
862 1880 992 1923 causam
1029 1860 1177 1937 maxime,
1219 1861 1256 1919 ut

110 1965 169 2007 sua
197 1948 394 2024 tenerentur,
428 1966 480 2007 res
514 1944 663 2025 publicae
698 1945 908 2026 civitatesque
942 1945 1137 2008 constitutae
1173 1947 1293 2010 suntne

110 2029 194 2094 Nam
218 2031 279 2092 etsi
310 2031 390 2094 duce
421 2038 537 2094 natura
569 2032 849 2113 congregabantur
880 2032 1034 2108 homines,
1066 2037 1175 2093 tamen
1199 2050 1255 2110 spe

70 2121 101 2173 74
111 2116 277 2180 custodiae
299 2138 407 2180 rerum
431 2139 559 2180 suarum
581 2117 709 2180 urbium
725 2118 888 2207 praesidia
908 2117 1115 2198 quaerebant.
1140 2115 1256 2177 Danda

78 2249 81 2256 .
111 2203 208 2264 etiam
232 2209 412 2282 operaest,
437 2224 487 2281 ne,
512 2204 598 2284 quod
621 2205 708 2286 apud
731 2205 869 2268 maiores
892 2210 1019 2267 nostros
1043 2223 1139 2282 saepe
1156 2199 1255 2264 fiebat

110 2292 243 2370 propter
258 2289 376 2350 aerarii
390 2291 582 2354 tenuitatem
598 2290 892 2371 adsiduitatemque
907 2289 1074 2365 bellorum,
1099 2287 1255 2350 tributum

111 2374 153 2437 sit
176 2374 414 2455 conferendum,
438 2375 535 2457 idque
558 2398 598 2441 ne
622 2378 757 2458 eveniat,
781 2378 883 2441 multo
907 2381 981 2439 ante
1003 2375 1064 2438 1111
1087 2373 1294 2455 provideo-25

111 2461 194 2523 dum.
241 2458 297 2523 Sin
319 2481 401 2541 quae
424 2464 600 2527 necessitas
622 2464 715 2528 huius
745 2465 886 2528 muneris
910 2462 1006 2526 alicui
1028 2461 1076 2524 rei
1105 2459 1255 2541 publicae

111 2547 277 2612 obvenerit
311 2549 410 2630 (malo
434 2550 519 2612 enim
550 2572 646 2632 quam
673 2558 804 2615 nostrae
828 2550 980 2629 ominari,
1018 2568 1121 2628 neque
1144 2552 1255 2610 tamen

111 2634 151 2697 de
174 2638 294 2713 nostra,
319 2636 376 2699 sed
397 2636 437 2699 de
454 2639 541 2700 omni
563 2638 743 2720 republica
766 2639 920 2720 disputo),
944 2635 1053 2700 danda
1069 2634 1130 2698 erit
1146 2653 1255 2714 opera,

110 2727 146 2783 ut
172 2741 282 2783 omnes
309 2721 515 2804 intellegant,
550 2725 577 2787 si
600 2726 679 2788 salvi
714 2746 784 2790 esse
818 2724 926 2803 velint,
962 2721 1150 2787 necessitati
1184 2740 1255 2783 esse

109 2806 297 2887 parendum.
343 2808 449 2889 Atque
473 2812 571 2875 etiam
594 2833 714 2891 omnes,
739 2813 793 2893 qui
817 2810 1070 2892 rempublicam
1093 2806 1294 2891 guberna-eo

72 2930 75 2937 ·
109 2892 199 2973 bunt,
231 2894 398 2959 consulere
429 2896 602 2977 debebunt,
626 2904 662 2960 ut
685 2919 796 2962 earum
830 2919 936 2959 rerum
971 2896 1064 2976 copia
1088 2896 1138 2957 sit.
1171 2913 1254 2972 quae

41 3015 45 3021 .
110 2988 185 3043 sunt
205 2979 247 3042 ad
265 2982 384 3044 victum
407 2985 619 3048 necessariae.
666 2983 808 3060 Quarum
831 2982 935 3064 qualis
959 2980 1158 3061 comparatio
1182 2977 1255 3042 fieri

111 3065 214 3130 soleat
229 3076 261 3128 et
272 3067 397 3147 debeat,
410 3092 475 3133 non
487 3076 537 3134 est
548 3092 679 3135 necesse
692 3072 857 3153 disputare
868 3093 875 3148 ;
889 3075 938 3132 est
950 3068 1076 3132 enimin
1088 3071 1255 3148 promptu3

58 3174 60 3179 ’
110 3158 237 3217 tantum
260 3154 349 3218 locus
373 3158 580 3240 attingendus
603 3158 672 3220 fuit.

64 3254 101 3304 75
199 3238 306 3321 Caput
328 3249 437 3306 autem
461 3249 510 3306 est
521 3245 554 3306 in
566 3245 652 3306 omni
674 3244 902 3326 procuratione
925 3241 1048 3324 negotii
1064 3249 1096 3303 et
1113 3237 1296 3301 munerisss

110 3326 241 3409 publici,
257 3332 294 3389 ut
307 3329 461 3393 avaritiae
473 3329 612 3411 pellatur
625 3334 723 3395 etiam
735 3331 869 3394 minima
881 3328 1029 3408 suspicio.
1052 3316 1255 3399 ε1111111111,

112 3413 218 3494 inquit
235 3411 272 3476 (l.
285 3414 418 3479 Pontius
442 3416 578 3496 Samnis,
600 3410 662 3481 ‘ad
685 3417 763 3481 illa
785 3422 974 3497 tempora
997 3435 1056 3492 1111
1079 3412 1258 3474 fortuna

113 3534 324 3548 ——————fi

198 3590 222 3640 3.
236 3587 340 3651 partim
357 3587 380 3640 L
390 3605 408 3656 p
419 3604 442 3655 c,
462 3588 538 3656 edd,
559 3606 626 3653 quae
645 3590 706 3656 (qne
717 3589 753 3656 Η)
768 3589 872 3654 parlim
890 3587 912 3638 B
923 3585 985 3639 Hb.
1000 3615 1033 3622 -
1048 3586 1087 3636 18.
1108 3590 1144 3633 est
1161 3581 1220 3634 BH
1230 3583 1257 3647 b,

110 3674 183 3742 Btl,
208 3674 271 3741 Ml.;
298 3691 352 3727 om.
370 3675 422 3743 Lp
433 3691 456 3742 o,
476 3675 519 3728 Bt.
540 3705 574 3713 —
592 3679 633 3729 27.
655 3675 722 3727 enim
747 3693 826 3740 qoam
844 3674 906 3726 BH
917 3674 935 3725 b
948 3672 971 3725 L
984 3690 1011 3739 p,
1035 3670 1097 3736 Μ1.;
1123 3669 1192 3720 enim
1209 3666 1260 3718 olii

111 3778 190 3825 quam
202 3779 226 3827 a,
246 3761 305 3828 Β1.;
326 3761 393 3812 enim
406 3763 491 3813 aliene
503 3779 582 3826 quam
594 3779 617 3816 c.
628 3793 662 3801 —
673 3765 714 3816 32.
729 3762 765 3814 ad
777 3762 874 3813 victam
891 3760 915 3813 L
926 3777 944 3826 p
955 3775 978 3826 c,
998 3756 1056 3808 Β1.1
1068 3777 1074 3821 ;
1094 3772 1147 3808 om.
1162 3755 1184 3807 B
1196 3754 1258 3820 Hb,

102 3846 179 3910 1111,
200 3847 251 3897 nn,
