2820 4178
439 169 507 221 uua.
526 169 546 220 Ι.
585 168 660 222 cnr.
680 172 773 222 c-n.
813 167 958 236 §so-ao.
1231 173 1268 229 11

128 340 238 422 nisset,
262 366 335 408 cum
358 345 501 424 utrisque
526 345 699 425 separatim
715 346 868 417 locutum,
892 364 932 405 ne
956 341 1071 423 cupide
1094 341 1171 421 quid
1196 361 1269 423 age-

128 436 210 510 rent,
234 452 274 494 ne
298 431 497 511 adpetenter.
523 438 620 512 atque
636 437 672 493 ut
687 431 815 512 regredi
835 450 931 510 quani
954 428 1109 509 progredi
1128 427 1270 490 mallent.

128 517 165 579 ld
189 538 261 579 cum
284 519 411 597 utrique
434 517 597 595 fecissent,
622 518 821 598 aliquantum
846 517 914 596 agri
937 515 970 576 in
993 515 1099 578 medio
1123 514 1272 578 relictum

129 610 186 666 est.
211 603 324 684 ltaque
348 604 475 666 illorum
498 602 577 666 fines
602 605 656 669 sic.
688 609 724 666 ut
747 604 809 684 ipsi
833 603 990 673 dixerant,
1014 601 1215 677 terminavit,
1239 600 1271 661 iu

106 690 235 756 emedio
259 691 408 752 relictum
432 690 518 771 quod
542 699 621 768 erat,
645 691 766 771 populo
790 691 935 752 ltomano
960 688 1164 750 adiudicavit.
1205 686 1271 748 De-

130 776 237 859 cipere
259 776 321 840 hoc
345 777 474 856 quidem
498 783 556 853 est,
588 798 651 839 nou
674 777 827 839 iudicare.
874 775 1032 851 Quocirca
1055 776 1088 836 in
1113 773 1199 837 omni
1224 778 1272 835 θεῖ

127 884 162 926 re
186 863 338 943 fugienda
360 864 435 926 talis
459 863 612 926 sollertia.

216 949 295 1013 Sunt
308 957 416 1012 autem
438 950 597 1029 quaedam
614 948 720 1012 officia
741 950 838 1012 etiam
855 949 1007 1011 adversus
1029 968 1083 1009 eos
1104 945 1271 1020 servanda,

128 1058 148 1098 a
171 1036 286 1116 quibus
310 1035 458 1098 iniuriam
482 1037 654 1116 acceperis,
678 1037 737 1099 Est
760 1037 845 1098 enim
868 1033 1043 1097 ulciscendi
1064 1039 1096 1094 et
1118 1031 1271 1112 puniendi
1280 1006 1316 1128 g}
1376 1086 1390 1112 Ι

91 1123 259 1201 romodus3
295 1127 389 1201 atque
425 1121 511 1184 haud
543 1123 608 1186 scio
633 1144 673 1186 an
704 1124 782 1186 satis
812 1122 854 1185 sit
885 1141 966 1196 eum,
999 1120 1053 1200 qui
1084 1119 1269 1194 lacessierit,

128 1208 263 1271 iniuriae
288 1229 364 1270 suae
396 1209 570 1289 paenitere,
605 1217 642 1273 ut
670 1216 702 1272 et
724 1210 794 1289 ipse
817 1229 857 1270 ne
881 1207 958 1287 quid
986 1206 1050 1269 tale
1081 1204 1215 1286 posthac
1240 1210 1272 1266 θῖ

129 1296 228 1357 ceteri
251 1295 314 1357 sint
326 1295 368 1358 ad
381 1295 529 1358 iniuriam
554 1297 721 1359 tardiores
753 1296 857 1374 Atque
878 1295 911 1355 in
930 1293 1110 1373 republica
1133 1290 1271 1354 maxime

128 1383 347 1445 conservanda
371 1389 444 1444 sunt
468 1383 536 1445 iura
561 1383 645 1445 belli.
691 1382 773 1444 Nam
805 1402 877 1443 cum
901 1381 965 1442 sint
988 1380 1050 1442 duo
1074 1399 1192 1458 genera
1210 1377 1271 1439 de-

128 1468 281 1541 certandi,
306 1490 404 1531 unum
421 1490 480 1549 per
504 1468 781 1549 disceptationem,
805 1467 942 1530 alterum
965 1487 1024 1546 per
1039 1465 1110 1538 vim,
1136 1484 1271 1543 cumque

90 1553 206 1617 raillud
229 1555 395 1635 proprium
419 1556 459 1616 sit
482 1555 628 1632 hominis,
661 1554 721 1617 hoc
745 1554 921 1629 beluarum,
953 1551 1198 1631 confugiendum
1224 1554 1273 1611 est

127 1640 169 1703 ad
191 1642 361 1720 posterius,
394 1642 490 1703 siuti
513 1662 577 1704 non
606 1642 680 1705 licet
712 1641 886 1721 superiore.
932 1640 1037 1714 Quare
1069 1636 1273 1716 suscipienda
1314 1642 1316 1647 '

127 1727 256 1806 quidem
286 1725 372 1790 bella
403 1726 541 1790 suntab
566 1749 637 1790 earn
668 1748 807 1800 causam,
836 1732 873 1788 ut
896 1726 964 1788 sine
998 1725 1114 1786 iniuria
1137 1723 1169 1784 in
1192 1734 1315 1803 pace35

127 1813 259 1890 vivatur,
283 1819 383 1894 parta·
402 1819 510 1876 autem
533 1814 668 1877 victoria
692 1813 901 1876 conservandi
925 1813 957 1889 ii,
972 1813 1026 1892 qui
1038 1831 1102 1873 non
1126 1808 1272 1872 crudeles

127 1899 160 1961 in
183 1898 279 1978 belle,
304 1920 367 1962 uon
390 1900 534 1963 inmanes
558 1900 696 1963 fuerunt.
720 1899 764 1963 Ut
786 1900 925 1963 maiores
947 1898 1049 1961 nostri
1065 1896 1271 1972 Tusculanae,

90 2009 116 2048 m
128 1985 267 2064 Aequos,
294 1984 433 2060 Volscae,
459 1985 605 2064 SabinoS,
637 1987 794 2050 Hernicos
817 1988 850 2048 in
873 1986 1036 2048 civitatem
1060 1985 1155 2046 etiam
1180 2002 1271 2046 acee-

126 2078 253 2153 perunt,
277 2078 312 2135 at
333 2072 564 2154 Karthaginem
594 2078 625 2136 et
649 2073 855 2136 Numantiam
883 2071 1027 2136 funditus
1058 2069 1272 2146 sustulerunt3

126 2159 245 2221 nollem
269 2157 466 2235 Corinthum,
496 2159 554 2223 sed
578 2161 673 2224 credo
705 2160 826 2240 aliquid
851 2164 987 2236 secutos,
1019 2156 1272 2239 oportunitatem

126 2244 188 2308 loci
213 2247 361 2318 maxime,
385 2267 425 2308 ne
448 2252 559 2327 posset
582 2245 753 2327 aliquando
778 2247 819 2309 ad
842 2245 962 2310 bellum
985 2243 1168 2308 faciendum
1183 2242 1272 2305 locus

126 2331 195 2411 ipse
209 2331 384 2395 adhortari.
414 2331 489 2395 Mea
504 2332 633 2413 quidem
650 2334 811 2396 sententia
822 2332 904 2412 paci,
929 2352 1011 2410 (luae
1027 2330 1107 2393 nihil
1122 2328 1273 2392 habitura

89 2437 117 2477 aa
128 2418 170 2481 sit
192 2418 389 2495 insidiarum,
414 2440 541 2501 semper
564 2425 614 2482 est
637 2419 875 2483 consulendum.
899 2417 936 2479 In
960 2438 1022 2498 quo
1043 2417 1070 2479 si
1086 2415 1164 2478 mihi
1188 2420 1273 2478 esset

128 2503 394 2584 obtemperatum,
427 2506 453 2567 si
483 2526 546 2568 non
576 2506 740 2586 optimam,
771 2511 805 2568 at
828 2505 969 2583 aliquam
999 2525 1066 2566 rem
1099 2501 1271 2583 publicam,

85 2626 92 2641 ·
129 2611 211 2670 quae
234 2612 318 2653 nunc
341 2591 430 2654 nulla
453 2597 510 2670 est,
540 2591 742 2655 haberemus.
789 2592 831 2654 Et
854 2612 926 2653 cum
948 2591 997 2667 iis,
1029 2609 1109 2669 qnos
1132 2587 1162 2649 vi
1186 2587 1272 2650 devi-

129 2677 220 2752 ceris
249 2678 479 2753 consulendum
503 2684 561 2754 est,
585 2683 653 2740 tum
676 2679 708 2757 ii,
733 2678 788 2758 qui
815 2677 912 2741 armis
934 2676 1048 2758 positis
1072 2676 1113 2738 ad
1136 2676 1272 2754 impera·

128 2768 234 2825 torum
259 2761 356 2826 fidem
391 2763 583 2844 confugient,
616 2764 761 2844 quamvis
795 2785 920 2826 murum
954 2763 1037 2826 aries
1067 2761 1271 2843 percusserit,

91 2849 314 2930 sorecipiendi.
359 2849 395 2912 In
419 2871 482 2934 quo
506 2856 674 2932 tantopere
698 2851 784 2931 apud
808 2855 934 2913 nostros
957 2848 1080 2912 iustitia
1104 2846 1191 2910 culta
1213 2852 1271 2911 θεῖ.

128 2943 164 2998 ut
187 2937 217 3008 ii,
242 2936 296 3016 qui
321 2936 466 3000 civitates
489 2942 545 3000 aut
567 2938 715 3000 nationes
738 2936 881 3000 devictas
900 2935 985 3000 bello
1009 2935 1041 2997 in
1064 2934 1161 2997 fidem
1183 2953 1272 2996 rece-

128 3023 260 3104 pissent,
285 3043 394 3085 earum
414 3024 542 3105 patroni
563 3030 771 3087 essentmore
795 3025 960 3086 maiorum.
984 3020 1119 3085 Acbclli
1143 3019 1272 3101 quidem

129 3110 275 3188 aequitas
299 3110 499 3173 sanctissime
522 3109 625 3173 fetiali
648 3110 758 3191 populi
770 3111 906 3173 Romani
917 3110 987 3172 iure
1010 3108 1190 3190 perscripta
1214 3111 1316 3168 est.36

128 3195 178 3258 Ex
194 3215 256 3275 quo
280 3195 424 3275 intellegi
446 3203 554 3276 potest
576 3197 698 3259 nullum
721 3197 841 3263 bellum
865 3217 933 3259 esse
949 3196 1079 3273 iustum,
1103 3194 1163 3256 nisi
1187 3192 1273 3273 quod

93 3286 186 3344 eraut
208 3281 304 3344 rebus
334 3281 482 3362 repetitis
514 3289 645 3363 geratur
667 3290 723 3345 aut
746 3283 971 3346 denuntiatum
1004 3288 1079 3345 ante
1104 3281 1146 3344 sit
1168 3286 1201 3342 et
1224 3281 1272 3341 in-

218 3456 259 3506 35.
274 3452 349 3518 Quae
361 3458 425 3521 post
437 3453 565 3504 indictam
579 3453 609 3504 in
628 3454 706 3507 codd.
723 3454 866 3521 leguntur:
886 3454 1010 3518 Popiliae
1020 3453 1273 3518 imperatarteaebat

125 3540 301 3605 provinciam,
327 3544 355 3588 im
379 3538 454 3589 cuias
478 3539 594 3589 exercitu
621 3539 727 3590 Catonis
745 3540 822 3602 filius
845 3541 896 3590 tiro
922 3539 1060 3591 militabat.
1100 3539 1164 3589 Cam
1187 3547 1273 3589 antem

128 3627 236 3691 Popilio
255 3626 390 3676 uideretur
406 3643 487 3674 amam
505 3625 636 3677 diniitterc
655 3626 793 3691 legionem,
816 3625 923 3676 Catonia
942 3643 1044 3690 quoquc
1056 3627 1160 3690 filium,
1179 3625 1225 3689 qai
1244 3625 1273 3674 in

131 3714 220 3766 eadem
238 3713 337 3780 legione
355 3711 496 3773 militabat,
514 3711 622 3763 dimisit.
646 3711 698 3764 Sed
716 3730 774 3762 cam
791 3729 881 3764 amore
895 3713 1036 3780 pugnandi
1053 3713 1082 3762 ia
1098 3711 1214 3763 exercita
1232 3728 1271 3762 re·

130 3801 276 3862 mansisset,
298 3798 361 3850 Cato
380 3798 416 3848 ad
428 3797 563 3861 Popilium
580 3798 694 3862 compsit,
713 3807 749 3861 ut,
768 3799 792 3851 εἰ
810 3816 868 3851 eum
881 3799 986 3862 patitur
1003 3801 1033 3850 ia
1052 3799 1167 3850 accercito
1186 3778 1286 3848 remos

130 3903 199 3947 aare,
218 3886 331 3936 necando
349 3902 407 3936 aaut
426 3884 521 3951 alliget
538 3884 650 3935 militiae
667 3893 838 3952 sacramento,
856 3887 921 3950 qaia
933 3886 1134 3950 prioraamieeo
1146 3886 1272 3936 iuracam
