2820 4178
434 171 503 223 mu.
521 171 570 224 111.
607 171 683 224 oar.
706 174 817 225 19-21.
853 172 868 242 1
888 173 998 226 16-61.
1235 178 1294 239 101

45 398 48 403 .
144 343 264 408 bonum
293 345 423 408 mentiri
447 344 654 411 emolumenti
678 345 725 409 sui
751 367 858 425 causa,
891 346 1064 424 criminari,
1096 347 1293 429 praeripere,

144 429 281 495 fallere?
324 431 413 495 Nihil
443 431 589 514 profecto
622 433 734 497 minus.
782 432 847 499 Est¹
865 454 941 514 ergo
965 432 1032 499 ulla
1054 454 1107 497 res
1130 434 1214 496 tanti
1237 439 1294 497 aut
1303 442 1337 495 82

145 518 349 581 commodum
372 519 472 581 ullum
495 524 563 582 tam
580 521 804 601 expetendum,
828 525 864 583 ut
879 521 938 582 viri
949 519 1026 583 boni
1040 525 1072 583 et
1084 520 1291 600 splendorem

146 610 178 667 et
208 625 325 668 nomen
356 606 509 669 amittas?
550 604 633 681 Quid
664 612 722 681 est,
755 605 841 687 quod
864 606 991 670 adferre
1015 612 1141 670 tantum
1164 606 1289 671 utilitas

120 691 216 769 sista,
241 712 323 772 quae
347 691 474 771 dicitur,
498 693 609 773 possit,
634 699 789 774 quantum
812 692 948 771 auferre,
973 693 1000 756 si
1012 693 1089 757 boni
1101 693 1160 756 viri
1173 714 1291 757 nomen

146 777 309 860 eripuerit,
333 777 430 842 fidem
452 779 673 859 iustitiamque
697 779 898 843 detraxerit?
929 778 1012 855 Quid
1037 780 1121 842 enim
1145 779 1290 858 interest,

144 869 252 927 utrum
281 885 320 928 ex
349 864 477 929 homine
509 886 543 928 se
575 871 742 929 convertat
773 867 844 948 quis
876 867 910 929 in
931 866 1062 931 beluam
1086 887 1127 929 an
1150 864 1291 929 hominis

145 949 249 1032 figura
271 952 495 1015 inmanitatem
518 956 611 1032 gerat
633 952 774 1016 beluae?

233 1037 339 1113 Quid?
363 1038 417 1118 qui
441 1039 548 1102 omnia
570 1044 661 1102 recta
684 1044 717 1102 et
739 1039 877 1104 honesta
893 1039 1076 1121 neglegunt,
1101 1037 1178 1101 dum
1193 1038 1336 1103 16611621

106 1146 134 1185 10
145 1125 325 1204 potentiam
356 1130 603 1206 consequantur,
635 1146 741 1189 nonne
771 1126 857 1190 idem
888 1125 1019 1204 faciunt,
1049 1125 1136 1205 quod
1166 1126 1203 1204 is,
1236 1125 1291 1207 qui

126 1210 243 1274 etiam
266 1232 413 1275 socerum
435 1212 555 1276 habere
579 1211 680 1274 voluit
703 1234 784 1290 eum,
810 1213 898 1277 cuius
921 1214 990 1294 ipse
1015 1213 1152 1276 audacia
1174 1217 1290 1293 potens

146 1299 253 1360 esset?
277 1297 364 1361 Utile
388 1299 417 1362 ei
440 1299 610 1363 videbatur
632 1298 805 1381 plurimum
828 1320 923 1381 posse
947 1299 1079 1365 alterius
1096 1298 1234 1378 invidia,
1255 1299 1291 1363 id

145 1403 241 1463 quam
263 1385 417 1449 iniustum
439 1386 472 1448 in
494 1386 635 1467 patriam
659 1392 691 1448 et
714 1406 811 1467 quam
833 1398 927 1468 turpe
952 1391 1047 1466 esset,
1072 1407 1136 1449 non
1149 1384 1291 1450 videbat.

144 1468 217 1551 Ipse
241 1476 349 1534 autem
373 1493 465 1537 socer
488 1474 521 1535 in
545 1493 599 1535 ore
624 1493 751 1554 semper
772 1472 1034 1537 Graecosversus
1048 1472 1087 1535 de
1104 1471 1289 1537 Phoenissis

107 1555 295 1637 rshabebat,
320 1578 399 1639 quos
416 1555 531 1637 dicum,
555 1565 591 1621 ut
606 1565 729 1640 potero,
752 1559 916 1623 incondite
933 1558 1080 1638 fortasse,
1098 1557 1155 1622 sed
1170 1564 1290 1638 tamen,

145 1648 181 1706 ut
202 1665 254 1708 res
277 1645 381 1725 possit
403 1645 564 1726 intellegi:
1328 1708 1333 1720 ,

188 1729 284 1792 Nam
323 1731 357 1794 si
394 1732 636 1794 violandum
675 1739 739 1794 est
775 1731 856 1808 iiis,
901 1731 1110 1813 regnandi
1148 1730 1292 1812 gratia

187 1815 448 1880 Violandum'
476 1823 554 1898 est;
588 1817 691 1881 aliis
721 1816 853 1881 rebus
880 1818 1089 1901 pietatem
1120 1817 1246 1881 colas.

145 1900 300 1984 Capitalis
323 1904 472 1967 Eteocles
502 1904 552 1972 vel
583 1905 690 1985 potius
713 1905 894 1987 Euripides
927 1905 982 1986 qui
1005 1905 1039 1968 id
1061 1926 1169 1983 unum,
1203 1904 1290 1985 quod

105 1990 286 2052 roomnium
309 1991 592 2055 sceleratissimum
615 1991 722 2071 fuerit,
748 1992 926 2073 exceperitl
953 1991 1036 2069 Quid
1056 1992 1154 2074 igitur
1164 1992 1290 2055 minuta
1299 1999 1334 2050 83

145 2075 333 2158 colligimus,
356 2078 564 2156 hereditates,
588 2084 798 2159 mercaturas,
822 2079 1023 2143 venditiones
1043 2078 1290 2143 fraudulentas?

144 2161 227 2227 Ecce
258 2164 327 2243 tibi,
352 2165 407 2247 qui
436 2186 494 2228 rex
516 2165 627 2247 populi
651 2165 788 2230 Romani
812 2165 1024 2247 dominusque
1048 2165 1191 2229 omnium
1212 2185 1289 2246 gen-

143 2249 223 2311 tium
256 2269 326 2315 esse
358 2252 577 2333 concupiverit
608 2253 705 2335 idque
728 2252 916 2334 perfecerit!
962 2253 1054 2316 Hanc
1078 2251 1290 2333 cupiditatem

144 2336 171 2397 si
193 2334 363 2401 honestam
394 2339 464 2419 quis
489 2359 559 2401 esse
583 2336 670 2418 dicit,
703 2360 812 2404 amens
837 2345 902 2419 est;
933 2338 1051 2420 probat
1075 2339 1159 2402 enim
1182 2338 1290 2419 legum

104 2442 133 2482 25
145 2427 177 2485 et
198 2421 359 2487 libertatis
382 2425 548 2487 interitum
572 2446 746 2506 earumque
770 2426 1012 2507 oppressionem
1031 2430 1171 2488 taetram
1188 2431 1220 2488 et
1234 2425 1289 2488 de-

108 2524 110 2529 ·
143 2510 326 2574 testabilem
350 2510 523 2591 gloriosam
546 2516 649 2591 putat.
674 2510 735 2586 Qui
759 2518 867 2575 autem
890 2512 1012 2575 fatetur
1034 2511 1206 2576 honestum
1224 2531 1290 2574 non

144 2613 214 2658 esse
244 2597 277 2658 in
308 2617 347 2658 ea
371 2597 510 2674 civitate,
542 2617 624 2679 quae
648 2596 750 2661 libera
773 2597 870 2661 luerit
893 2619 1040 2679 quaeque
1065 2618 1135 2661 esse
1159 2596 1288 2677 debeat,

143 2700 288 2760 regnare,
321 2683 379 2746 sed
409 2685 448 2761 ei,
480 2684 534 2765 qui
564 2682 599 2746 id
625 2683 732 2748 facere
755 2684 867 2766 possit,
901 2705 971 2748 esse
995 2684 1084 2762 utile,
1117 2705 1181 2764 qua
1203 2683 1288 2748 hunc
1308 2709 1335 2725 ²

144 2765 366 2849 obiurgatione
398 2775 455 2833 aut
485 2790 548 2850 quo
579 2771 686 2852 potius
719 2771 861 2834 convicio
892 2793 912 2835 a
941 2776 1032 2835 tanto
1058 2791 1166 2835 errore
1191 2791 1290 2835 coner

103 2853 305 2918 eoavellere?
350 2855 462 2920 Potest
493 2857 586 2936 enim,
622 2857 655 2921 di
686 2857 889 2922 inmortales!
926 2859 1076 2939 cuiquam
1107 2879 1176 2923 esse
1208 2857 1287 2921 ut'le

142 2939 361 3006 foedissimum
385 2949 417 3007 et
440 2944 660 3008 taeterrimum
688 2943 895 3025 parricidium
918 2945 1054 3026 patriae,
1083 2945 1227 3026 quamvis
1250 2945 1286 3020 is,

143 3028 197 3108 qui
220 3049 253 3092 se
275 3050 312 3092 66
338 3030 555 3109 obstrinxerit,
580 3032 620 3095 ab
638 3032 800 3113 oppressis
816 3031 1067 3112 civibusparens
1080 3032 1288 3094 nominetur?

142 3112 319 3178 Honestate
342 3117 440 3197 igitur
464 3118 632 3198 dirigenda
653 3118 777 3181 utilitas
799 3124 857 3196 est,
882 3123 915 3181 et
931 3118 1060 3198 quidem
1076 3118 1130 3195 sic,
1155 3122 1191 3179 ut
1205 3117 1287 3181 haec

142 3199 205 3264 duo
235 3201 333 3266 verbo
361 3204 445 3267 inter
475 3225 509 3267 se
541 3205 733 3286 discrepare.
765 3225 800 3268 re
831 3226 929 3268 unum
961 3225 1076 3268 sonare
1107 3202 1286 3268 videantur.

102 3309 131 3348 35
141 3286 212 3351 Non
242 3287 357 3367 habeo,
390 3290 432 3353 ad
462 3291 548 3372 vulgi
576 3292 757 3372 opinionem
789 3303 871 3373 quae
902 3292 1005 3355 maior
1034 3291 1158 3355 utilitas
1191 3311 1288 3372 quam
1297 3301 1333 3353 84

141 3374 298 3456 regnandi
321 3397 391 3439 esse
415 3377 531 3459 possit:
564 3378 643 3440 nihil
667 3384 780 3441 contra
802 3378 945 3441 inutilius
970 3378 1008 3457 ei,
1033 3377 1144 3463 quiid
1168 3377 1286 3441 iniuste

142 3468 333 3527 consecutus
352 3465 407 3549 sit,
431 3464 567 3541 invenio,
594 3464 728 3528 eumad
750 3465 919 3529 veritatem
943 3465 1035 3546 coepi
1054 3485 1206 3528 revocare
1234 3485 1287 3528 ra-

141 3548 272 3612 tionem.
303 3549 442 3614 Possunt
466 3551 550 3614 enim
574 3552 723 3632 cuiquam
748 3572 817 3616 csse
841 3551 936 3614 utiles
960 3572 1106 3633 angores,
1131 3550 1286 3615 sollicitu-

228 3727 252 3778 6.
273 3723 344 3784 Quia
367 3723 440 3791 em'm¹
453 3753 486 3761 —
505 3722 596 3783 belone
621 3724 655 3789 (v.
674 3725 701 3790 8)
725 3724 789 3777 secl.
807 3723 866 3775 Bt.²
886 3753 915 3762 —
938 3726 977 3776 19.
998 3724 1115 3785 Eteoclea
1138 3723 1180 3774 vel
1193 3723 1286 3787 potios

145 3808 286 3874 Euripides
298 3810 362 3864 secl.
376 3809 437 3862 edd.
456 3840 490 3849 —
508 3812 551 3864 27.
564 3798 653 3885 fcerit
669 3810 793 3877 offuerit
807 3826 907 3889 queque
918 3811 952 3864 ab
966 3810 1063 3863 eadem
1073 3826 1158 3862 manu
1168 3808 1198 3860 in
1208 3811 1287 3873 mg),

143 3892 205 3947 edd.
213 3914 220 3961 3
232 3895 294 3958 fait
311 3896 334 3948 Β
344 3896 371 3949 Η
380 3897 409 3950 1).’
427 3926 459 3935 -
478 3899 520 3952 33.
539 3896 685 3965 dirigendo
703 3895 797 3965 codd,
807 3896 877 3959 lats,
889 3895 1045 3959 'derigendo
1052 3894 1116 3941 Ἢ.
