2820 4178
145 153 184 212 76
602 147 651 201 DE
670 146 823 201 OFFlOIIS

142 321 182 385 de
205 341 240 384 re
262 320 393 402 publica
414 321 590 385 tolleretur.
635 320 817 402 Numquam
839 341 898 384 nec
931 320 1033 384 maius
1057 340 1112 382 aes
1145 321 1287 385 alienum

66 429 69 436 ¹
141 408 203 471 luit
224 429 284 471 nec
305 407 419 471 melius
442 421 502 470 nec
524 406 650 471 facilius
682 408 872 471 dissolutum
896 413 961 487 est,
997 407 1168 472 fraudandi
1200 407 1286 471 enim
1315 484 1319 489 ⁵

143 514 199 575 spe
223 494 351 558 sublata
383 494 527 558 solvendi
560 495 736 558 necessitas
770 499 944 558 consecuta
968 499 1025 556 est.
1070 493 1113 556 At
1135 515 1210 558 vero
1231 493 1285 557 hic

142 602 226 643 nnnc
249 581 360 658 victor,
382 585 451 643 tum
474 581 604 662 quidem
627 582 738 658 010100,
770 601 852 661 quae
883 580 1051 662 cogitarat,
1082 601 1154 643 cum
1184 581 1285 663 ipsius

142 668 307 745 intererat,
343 672 410 729 tum
434 688 473 731 ea
502 667 647 748 perfecit,
682 689 755 730 cum
789 668 857 730 eius
890 668 956 730 iam
989 666 1068 728 nihil
1102 668 1283 731 interesset.
1310 687 1323 726 ⁵

143 753 246 817 Tanta
261 754 294 816 in
310 774 347 816 eo
362 753 520 834 peccandi
540 753 641 818 libido
657 753 727 833 fuit,
751 759 788 817 ut
801 754 862 818 hoo
878 753 983 835 ipsum
999 774 1071 816 eum
1094 753 1283 833 delectaret,

96 854 287 921 8500000000,
311 841 434 903 etiamsi
458 861 555 904 causa
577 862 642 903 non
665 847 759 904 00001.
804 841 853 904 Α1)
877 839 939 904 hoc
961 841 1059 922 igitur
1081 861 1198 921 genere
1221 840 1282 903 lar-

24 982 36 997 ,
141 927 280 1006 gitionis,
304 932 339 989 ut
363 926 434 990 aliis
468 927 571 1005 detur,
606 927 677 990 aliis
711 925 886 1005 auferatur,
922 925 1059 990 aberunt
1081 927 1113 1005 ii,
1138 926 1193 1008 qui
1215 947 1285 990 rem

142 1013 303 1093 publicam
325 1012 510 1091 tuebuntur,
534 1013 764 1094 inprimisque
788 1034 920 1095 operam
944 1012 1076 1090 dabunt,
1099 1017 1136 1076 ut
1158 1014 1235 1077 iuris
1252 1019 1285 1076 et

74 1120 77 1125 ·
141 1099 332 1163 iudiciorum
355 1101 519 1180 aequitate
542 1121 634 1164 suum
657 1101 791 1182 quisque
814 1105 926 1164 teneat
948 1105 981 1163 01
995 1120 1099 1181 neque
1121 1099 1284 1163 tenuiores
1295 1118 1322 1156 1·0

142 1191 275 1267 propter
296 1185 511 1249 humilitatem
545 1187 834 1255 circumveniantur
867 1207 971 1267 neque
1004 1185 1219 1267 locupletibus
1243 1185 1285 1249 ad

142 1294 201 1335 sua
222 1272 272 1335 vel
306 1272 446 1336 tenenda
479 1273 530 1336 vel
563 1273 786 1354 recuperanda
819 1272 905 1337 obsit
938 1273 1067 1351 invidia,
1102 1278 1283 1354 praeterea,

143 1358 396 1440 quibuscumque
411 1359 507 1422 rebus
523 1359 573 1422 vel
589 1359 666 1423 belli
682 1360 731 1423 vel
748 1360 834 1423 domi
850 1365 1013 1440 poterunt,
1037 1359 1284 1441 rempublicam

143 1451 282 1526 augeant
296 1446 441 1527 imperio,
457 1446 552 1526 agno,
568 1446 787 1527 vectigalibus.
812 1446 901 1510 Haec
916 1466 1105 1527 magnorum
1121 1446 1285 1511 hominum

143 1537 226 1611 sunt,
249 1532 330 1595 haec
353 1533 440 1614 apud
463 1533 600 1596 maiores
624 1539 751 1597 nostros
775 1533 933 1613 factitata,
968 1533 1050 1597 haec
1073 1554 1192 1614 genera
1214 1531 1284 1596 0111-
1296 1549 1322 1589 1⁵

143 1619 264 1682 ciorum
287 1620 342 1700 qui
375 1625 619 1700 persequuntur,
655 1641 727 1683 cum
749 1629 875 1684 summa
904 1620 1044 1684 utilitate
1066 1621 1114 1683 001
1136 1620 1284 1701 publicae
1344 1619 1347 1623 ’

142 1726 291 1787 magnam
312 1705 373 1787 ipsi
397 1706 616 1787 adipiscentur
639 1711 671 1770 et
694 1708 831 1788 gratiam
854 1712 887 1771 01
910 1707 1053 1789 gloriam.
1363 1776 1366 1781 ,

31 1826 33 1831 ·
95 1805 132 1858 86
228 1792 266 1854 ln
289 1792 339 1855 his
380 1797 488 1856 autem
529 1793 705 1856 utilitatum
742 1795 925 1875 praeceptis
963 1795 1134 1874 Antipater
1171 1792 1283 1876 Tyrius

143 1878 279 1957 Stoicus
302 1879 358 1960 qui
380 1879 517 1942 Athenis
540 1900 643 1960 nuper
659 1884 708 1942 est
722 1886 877 1959 montcue,
902 1881 965 1945 duo
981 1881 1159 1962 praeterita
1175 1885 1285 1944 censet

43 2008 47 2012 -
143 1986 213 2029 esse
236 1988 255 2028 a
278 1966 443 2042 Panaetio,
477 1965 669 2029 valetudinis
704 1967 902 2031 curationem
925 1973 958 2030 et
987 1968 1152 2048 pecuniae.
1199 1965 1322 2042 Quaseo
1390 2032 1393 2037 ,

141 2073 193 2116 000
218 2074 237 2115 0
264 2072 386 2114 summo
421 2050 612 2133 philosopho
645 2054 839 2131 praeteritas
873 2053 1022 2129 arbitror,
1057 2053 1144 2132 quod
1178 2059 1286 2116 essent

142 2137 269 2215 faciles3
294 2143 368 2201 sunt
390 2143 476 2201 certe
488 2136 592 2200 utiles.
618 2137 681 2201 Sed
703 2138 854 2201 valetudo
878 2144 1076 2202 sustentatur
1098 2139 1214 2201 not'tia
1237 2140 1285 2201 sui

142 2225 285 2305 corporis
309 2229 342 2286 01
365 2224 597 2302 observatione,
622 2244 779 2305 quaeres
803 2230 859 2287 aut
888 2225 1042 2304 prodesse
1074 2224 1200 2287 soleant
1229 2230 1285 2287 aut

144 2310 267 2389 obesse,
292 2315 324 2372 01
347 2309 546 2374 continentia
567 2310 600 2371 in
616 2310 702 2373 victu
725 2311 812 2373 omni
834 2316 931 2390 atque
954 2310 1052 2387 cultu,
1076 2311 1219 2392 corporis
1234 2317 1285 2373 tu-

143 2397 217 2461 endi
233 2417 330 2460 causa
345 2396 641 2478 praetermittendis
658 2396 885 2478 voluptatibus,
897 2402 1061 2478 postremo
1078 2403 1148 2461 arte
1165 2417 1284 2476 eorum,
1295 2427 1322 2467 2⁵

94 2498 279 2566 87quorum
302 2483 344 2546 ad
367 2484 534 2547 scientiam
556 2482 638 2547 haec
668 2485 840 2564 pertinent.
885 2484 947 2548 Res
978 2489 1087 2547 autem
1117 2483 1285 2547 familiaris

143 2571 256 2653 quaeri
279 2570 376 2635 debet
398 2571 437 2633 iis
460 2570 566 2648 rebus,
590 2590 610 2632 a
633 2569 748 2651 quibus
772 2570 865 2635 abest
895 2571 1071 2652 turpitudo,
1104 2571 1287 2635 conservari

142 2664 251 2722 autem
286 2657 453 2738 diligentia
477 2662 509 2720 01
531 2656 736 2738 parsimonia,
772 2657 893 2722 eisdem
927 2657 1024 2722 etiam
1046 2658 1142 2721 rebus
1166 2659 1286 2740 augeri.

142 2746 209 2808 Has
232 2765 284 2807 res
319 2743 577 2807 commodissime
600 2743 780 2824 Xenophon
804 2744 987 2809 Socraticus
1017 2750 1207 2826 persecutus
1238 2751 1287 2808 est

72 2882 75 2887 .
141 2832 175 2894 in
198 2851 236 2894 eo
258 2829 351 2909 libro,
375 2831 430 2911 qui
453 2829 683 2894 Oeconomicus
704 2831 900 2909 inscribitur,
924 2851 1019 2912 quem
1040 2852 1109 2910 nos,
1132 2832 1196 2894 ista
1218 2830 1323 2902 100050

141 2922 249 2981 001010
281 2938 353 2980 cum
383 2937 534 2998 00000000,
566 2923 744 2998 quaestu
766 2939 859 2995 nuuc,
885 2938 902 2980 0
926 2915 1049 2981 Gracco
1080 2919 1113 2980 in
1135 2917 1285 2981 Latinum

44 3041 47 3045 ·
141 3003 364 3069 convertimus.
411 3003 475 3067 Sed
497 3009 566 3068 toto
589 3002 651 3066 hoc
667 3003 707 3067 de
730 3024 857 3085 genere,
882 3004 922 3067 de
939 3004 1133 3084 quaerenda,
1157 3004 1198 3068 de
1220 3004 1285 3068 col-

140 3091 280 3156 locanda
312 3091 458 3171 pecunia,
494 3090 621 3176 (vellem
656 3091 753 3154 ctiam
788 3090 828 3154 de
861 3090 996 3173 utenda)
1033 3091 1232 3154 commodius
1266 3113 1285 3154 a

140 3179 334 3260 quibusdam
357 3178 487 3259 optimis
509 3177 585 3241 viris
608 3177 650 3240 ad
672 3176 786 3240 Ianum
808 3177 950 3240 medium
978 3177 1164 3241 sedentibus
1188 3198 1285 3259 quam

229 3354 253 3403 4.
272 3369 330 3401 cam
347 3351 434 3415 ipsias
451 3351 585 3410 intererat,
605 3356 660 3399 tum
676 3366 729 3417 pc,
755 3348 832 3416 Bt.¹;
858 3367 910 3402 om.
929 3349 1026 3409 BHb,
1045 3349 1116 3417 Bt.²,
1140 3350 1189 3402 Ml.
1207 3379 1242 3388 -
1260 3353 1285 3403 7.

36 3476 47 3493 ..
137 3454 248 3503 peccare
266 3436 330 3491 secl.
339 3437 423 3498 Bake,
442 3436 486 3489 Bt.
498 3465 528 3474 -
540 3439 581 3489 16.
589 3444 784 3504 persequantur
793 3436 820 3504 b,
839 3436 898 3491 Bt.²
909 3456 915 3502 ;
929 3443 1103 3500 persecuntur
1112 3437 1134 3489 B
1144 3436 1170 3488 H
1179 3455 1205 3505 p,
1225 3436 1268 3489 Bt.
1278 3456 1284 3504 ς

137 3532 329 3591 persequentur
347 3541 370 3591 0,
389 3522 437 3578 Ml.
461 3552 496 3561 —
514 3525 555 3575 25.
569 3522 813 3587 praetermittendis
830 3523 1011 3588 voluptatibus
1029 3524 1082 3577 del.
1102 3523 1199 3592 Heme,
1219 3522 1275 3577 edd

142 3642 175 3651 —
194 3615 235 3665 32.
253 3612 299 3662 sed
317 3618 367 3661 toto
386 3611 434 3660 hoc
451 3640 485 3648 -
503 3610 665 3672 disputatum
689 3617 726 3660 eet
745 3610 781 3678 (p.
801 3613 835 3663 77
853 3628 878 3663 v.
898 3612 925 3678 3)
944 3611 973 3662 in
998 3611 1078 3664 codd.
1097 3611 1203 3679 scripta
1221 3615 1285 3664 sunt

140 3702 205 3768 post
223 3698 372 3766 officiorum
388 3715 471 3765 penae
489 3698 526 3764 (p.
546 3699 613 3748 77v.
624 3697 682 3763 21);
703 3695 873 3764 transposuit
890 3696 992 3766 Unger,
1012 3698 1073 3750 edd.
1090 3728 1123 3737 -
1134 3701 1174 3751 33.
1194 3699 1286 3749 vellem

141 3804 161 3855 p
171 3803 193 3848 0,
211 3786 255 3838 Β1.
262 3786 282 3854 ¹,
292 3786 354 3852 Ml.;
374 3802 427 3838 om.
445 3784 468 3836 B
478 3782 504 3834 Η
514 3785 540 3851 b,
559 3783 618 3836 Bt.2
628 3813 662 3820 —
672 3784 770 3833 utenda
779 3783 868 3851 codd,
887 3784 958 3852 Bt.¹,
968 3784 1031 3851 M1.;
1051 3785 1173 3852 saperda
1183 3784 1285 3854 Unger,

18 3917 23 3925 .
133 3873 203 3917 Bm
218 3900 249 3908 -
269 3872 471 3930 30100000,
492 3871 570 3938 edd.,·
589 3870 688 3920 ianuae
705 3869 829 3940 Bpr.
