2820 4178
429 153 497 206 nin.
515 155 564 206 ru.
602 153 790 208 cans-10.
828 155 973 224 §ac-ra.
1232 160 1272 220 89
1313 174 1317 181 ·

126 333 225 392 turus.
270 329 399 410 Negant
420 327 454 391 id
476 327 545 391 fieri
568 349 672 410 posse.
716 327 916 409 Quamquam
938 335 1046 411 potest
1068 330 1102 393 id
1126 328 1272 410 quidem;

125 415 184 478 sed
206 436 337 497 quaero,
361 415 447 496 quod
459 422 579 496 negant
589 435 694 496 posse,
718 415 751 478 id
767 416 793 478 si
809 422 927 496 posset,
952 416 1105 497 quidnam
1117 415 1270 480 facerent.

124 501 250 584 Urgent
272 501 391 565 rustice
420 523 514 582 sane3
549 507 668 582 negant
698 502 783 564 enim
812 523 907 584 posse
932 503 1019 565 etin
1043 524 1081 567 eo
1105 508 1270 585 perstant3

64 656 70 669 ,
123 588 187 652 hoc
210 589 342 653 verbum
365 589 441 670 quid
466 589 581 665 valeat,
609 608 672 650 non
695 588 812 651 vident.
859 587 938 651 Cum
968 591 1053 652 enim
1076 590 1269 671 quaerimus

90 676 154 739 'osi
177 676 282 739 celare
305 677 439 757 possint,
463 675 540 756 quid
564 675 680 738 facturi
704 676 776 754 sint,
800 696 863 738 non
887 677 1080 756 quaerimus,
1104 678 1269 758 possintne

127 763 241 841 celare,
277 763 334 825 sed
356 768 524 843 tamquam
556 766 717 825 tormenta
751 762 910 842 quaedam
945 762 1142 842 adhibemus
1173 768 1219 840 ut,
1244 763 1271 827 si

125 849 351 930 responderint
367 870 400 912 se
419 848 611 929 impunitate
634 849 800 929 proposita
823 848 974 927 facturos,
998 850 1085 930 quod
1109 850 1269 930 expediat,

125 934 322 999 facinorosos
336 957 369 998 se
384 956 453 998 esse
466 935 638 1014 fateantur,
660 935 686 997 si
697 940 824 1016 negent,
846 936 953 999 omnia
963 936 1071 1017 turpia
1082 957 1141 1017 per
1153 957 1186 999 se
1200 936 1271 1017 ipsa

160 1023 277 1104 gienda
300 1043 369 1085 esse
394 1023 582 1085 concedant.
608 1021 672 1085 Sed
694 1022 759 1084 iam
783 1021 824 1085 ad
847 989 1309 1172 propositumrevertamipss

103 1132 115 1172 o
211 1109 360 1171 incidunt
383 1108 503 1171 multae
527 1129 623 1190 saepe
647 1129 773 1185 causae,
808 1129 891 1188 quae
923 1109 1116 1172 conturbent
1146 1110 1232 1172 anim
1280 1085 1315 1209 43

124 1196 273 1259 utilitatis
297 1196 413 1276 specie,
445 1216 510 1258 non
533 1217 605 1258 curn
627 1195 688 1258 hoc
717 1194 921 1274 deliberetur,
953 1195 1204 1277 relinquendane
1229 1196 1271 1259 sit

124 1282 276 1346 honestas
299 1287 432 1364 propter
455 1281 604 1345 utilitatis
628 1282 881 1364 magnitudinem
906 1290 994 1365 (nam
1010 1282 1043 1345 id
1067 1283 1196 1364 quidem
1210 1283 1269 1344 im·

125 1369 262 1449 probum
286 1370 358 1450 est),
384 1369 440 1431 sed
463 1369 553 1446 illud,
577 1371 720 1450 possitne
735 1368 782 1446 id,
808 1369 895 1449 quod
917 1369 996 1432 utile
1020 1368 1176 1448 videatur,
1200 1369 1270 1432 fieri

15 1528 18 1532 Α
126 1477 189 1518 non
212 1454 358 1536 turpiter.
406 1455 485 1519 Cum
508 1454 666 1519 Collatino
698 1455 840 1537 collegae
871 1455 989 1519 Brutus
1019 1456 1189 1537 imperium
1212 1455 1269 1520 ab·

88 1543 271 1624 inrogabat,
295 1548 424 1623 poterat
446 1542 547 1605 videri
570 1542 676 1605 facere
693 1543 725 1605 id
740 1543 870 1621 iniuste,
895 1541 1001 1605 fuerat
1024 1544 1108 1605 enim
1132 1544 1164 1606 in
1186 1544 1269 1624 regi-

125 1629 184 1693 bus
219 1629 417 1710 expellendis
452 1629 556 1691 socins
580 1628 672 1691 Bruti
715 1628 920 1692 consiliorum
951 1635 984 1692 et
1007 1624 1271 1728 adiutorqsilum

125 1722 232 1779 autem
257 1716 423 1779 consilium
438 1714 500 1778 hoc
515 1715 675 1796 principes
692 1716 861 1796 cepissent,
886 1716 1109 1795 cognationem
1133 1715 1269 1797 Superbi

124 1823 304 1882 nomenque
328 1801 573 1883 Tarquiniorum
596 1808 628 1865 et
651 1803 838 1866 memoriam
861 1803 951 1884 regni
981 1824 1051 1867 esse
1082 1803 1268 1881 tollendam,

125 1889 212 1969 quod
236 1894 306 1951 erat
328 1888 417 1968 utile,
444 1889 569 1970 patriae
601 1889 776 1968 consulere,
804 1889 838 1952 id
862 1895 932 1952 erat
954 1890 1001 1953 ita
1030 1889 1209 1967 honestum,
1233 1895 1269 1952 ut

84 1976 223 2038 raetiam
252 1975 315 2056 ipsi
339 1973 496 2044 Collatino
526 1975 655 2056 placere
686 1976 827 2039 deberet.
872 1976 986 2057 ltaque
1015 1976 1139 2039 utilitas
1169 1975 1270 2039 valuit

124 2068 257 2143 propter
279 2062 491 2142 honestatem,
515 2063 583 2125 sine
596 2083 660 2143 qua
675 2084 715 2126 ne
730 2062 853 2126 utilitas
877 2063 1006 2144 quidem
1020 2083 1089 2126 esse
1101 2063 1267 2144 potuisset.

124 2150 167 2212 rit
189 2151 222 2212 in
246 2170 283 2213 eo
306 2170 391 2229 rege,
420 2149 475 2230 qui
497 2148 610 2212 urbem
634 2149 786 2227 condidit,
818 2171 882 2214 non
904 2151 999 2230 item,
1031 2150 1153 2232 species
1184 2150 1269 2213 enim
1279 2165 1310 2215 41

124 2236 273 2300 utilitatis
297 2237 438 2300 animum
460 2235 584 2317 pepulit
607 2237 683 2300 eius,
719 2236 777 2301 Cui
811 2257 883 2299 cum
916 2236 1019 2300 visum
1052 2242 1138 2300 esset
1159 2237 1269 2300 utilius

125 2322 228 2386 solum
251 2344 348 2403 quam
371 2343 443 2386 cum
466 2322 568 2385 altero
596 2344 741 2404 regnare,
772 2322 906 2387 fratrem
935 2323 1107 2388 interemit.
1153 2322 1269 2387 Omisit
1291 2398 1295 2405 ¹

86 2408 176 2472 aahic
200 2415 232 2472 et
254 2411 409 2490 pietatem
434 2415 466 2471 et
487 2408 731 2488 humanitatem,
755 2416 791 2473 ut
813 2409 967 2496 idbquod
990 2409 1069 2473 utile
1099 2409 1270 2474 videbatur

125 2515 228 2577 neque
252 2502 331 2582 erat,
356 2496 490 2576 adsequi
513 2489 632 2578 posset,
658 2502 820 2560 ettamen
843 2496 926 2558 muri
954 2516 1084 2558 causam
1108 2497 1267 2577 opposuit,

125 2585 264 2664 speciem
287 2582 465 2647 honestatis
488 2602 548 2645 nec
570 2582 771 2662 probabilem
788 2604 847 2646 nec
870 2601 947 2644 sane
969 2582 1129 2644 idoneam.
1153 2582 1269 2646 Pecca-

124 2670 169 2732 vit
191 2669 297 2750 igitur,
321 2689 401 2750 pace
424 2669 474 2730 vel
497 2667 620 2744 Quirini
643 2669 693 2733 vel
714 2669 842 2734 Romuli
872 2669 1016 2732 dixerim.
1018 2653 1045 2818 A
1061 2668 1129 2731 Nec
1159 2673 1311 2736 tamen42

123 2761 253 2821 nostrae
276 2757 369 2820 nobis
402 2756 558 2818 utilitates
593 2755 791 2820 omittendae
814 2762 888 2820 sunt
922 2755 1015 2835 aliisq
1040 2775 1057 2819 e
1080 2755 1267 2835 tradendae,

85 2854 197 2906 aecum
219 2844 258 2906 iis
273 2844 335 2925 ipsi
359 2863 518 2923 egeamus,
543 2844 599 2907 sed
623 2865 699 2906 suae
723 2844 837 2924 cuique
860 2842 1002 2921 utilitati,
1027 2842 1115 2923 quod
1137 2842 1204 2906 sine
1221 2842 1267 2906 al-

124 2930 223 2994 terius
246 2931 362 2994 iniuria
374 2929 441 3010 fiat,
466 2930 666 2993 serviendum
680 2937 737 2994 est.
762 2930 847 2995 Scite
871 2929 1075 3012 Chrysippus,
1100 2933 1136 2991 ut
1150 2929 1267 2994 multa:

121 3009 211 3092 ‘Qui
234 3009 443 3095 stadium',
467 3016 580 3097 inquit,
609 3010 773 3095 (currit,
806 3017 911 3080 eniti
943 3022 983 3079 et
1007 3016 1268 3080 contendere

124 3102 267 3181 debet,
292 3124 409 3184 quam
432 3104 607 3165 maxime
630 3105 785 3185 possit,
809 3110 852 3166 ut
875 3105 1037 3182 vincat,
1069 3101 1266 3183 supplan-

123 3196 216 3253 tare
251 3210 353 3266 eum.
388 3191 553 3271 quicum
592 3197 746 3269 certet,
792 3195 862 3254 aut
896 3211 1015 3253 manu
1047 3187 1267 3268 depellere

83 3276 240 3340 eanullo
272 3277 388 3340 modo
421 3277 563 3356 debet,
594 3278 654 3340 sic
684 3278 725 3340 in
754 3277 842 3340 rita
871 3276 954 3341 sibi
978 3296 1180 3357 quemque
1203 3294 1266 3356 pe·
1307 3275 1319 3295 ”

124 3368 232 3442 tere,
264 3363 373 3443 quod
395 3364 616 3444 pertineat
638 3364 687 3428 ad
711 3385 840 3444 usum,
869 3385 949 3427 non
971 3363 1160 3444 iniquum
1184 3368 1267 3441 est,

124 3448 254 3513 alteri
278 3450 473 3531 deripere
496 3450 560 3513 ius
584 3471 662 3513 non
686 3442 766 3514 est?

212 3628 235 3676 1.
260 3641 419 3689 quamquam
443 3622 531 3691 codd,
557 3623 632 3690 M1.²;
657 3640 824 3688 nequaquam
842 3621 992 3689 Manutius,
1017 3621 1071 3688 Bt,
1090 3621 1153 3674 ΜΙ.ι
1171 3650 1205 3659 -
1225 3622 1265 3671 11.

123 3710 284 3764 deliberetur
302 3711 391 3778 codd,
410 3711 477 3779 Bt.¹,
496 3710 558 3778 Ml.;
578 3712 741 3763 deliberatur
758 3711 912 3776 Heumann,
932 3709 991 3761 Bt²
1009 3739 1043 3747 —
1061 3711 1103 3762 26.
1122 3724 1229 3758 canaam
1241 3722 1264 3772 c,

123 3796 201 3865 edd.;
221 3817 302 3850 causa
320 3799 405 3853 BHb.
419 3802 504 3852 -30.
523 3799 558 3850 iis
570 3798 673 3864 Baiter,
687 3798 749 3864 Ml.;
770 3797 910 3865 kiaBHb,
924 3798 1010 3862 dijec.
1022 3798 1105 3848 -31,
1120 3795 1203 3845 multa
1213 3792 1266 3853 Qut
1353 3846 1356 3850 ,

123 3881 146 3934 Β
156 3884 182 3936 Η
191 3886 218 3953 b,
238 3886 299 3939 edd.
309 3908 315 3954 3
334 3889 417 3938 nauita
434 3895 461 3938 ut
479 3886 527 3951 qui
545 3903 568 3937 c.
588 3915 622 3923 -
640 3888 682 3939 34.
701 3886 808 3951 quicum
826 3885 922 3952 codd,
933 3888 1003 3949 ets,
1017 3896 1134 3944 ussewi*
1140 3877 1288 3925 ‘QQW
