2820 4178
462 189 530 240 uin.
549 189 597 242 iu.
637 189 712 240 oar.
732 192 756 256 a,
776 192 800 241 3.
838 189 965 258 §e-rs.
1244 163 1320 256 81¹.

144 361 374 445 Peripateticis
391 364 504 426 vestris
528 363 662 442 videtur,
695 368 730 424 ut
753 363 860 425 omnia
884 384 922 426 ex
945 363 1048 427 altera
1070 370 1162 445 parte
1187 364 1284 428 collo-

145 454 218 512 cata
240 451 292 512 rix
326 450 447 512 minimi
479 451 632 512 momenti
666 449 768 512 instar
801 449 950 527 habeant,
986 449 1197 514 dubitandum
1221 472 1284 514 uon

144 541 202 608 est,
228 557 248 617 q
272 538 304 599 in
338 558 513 618 numquam
548 537 650 617 possit
683 536 806 599 utilitas
842 557 913 598 cum
947 536 1117 600 honestate
1153 544 1284 602 conten-

143 621 228 687 dere.
290 629 386 705 taque
410 624 592 704 accepimus
616 623 782 686 Socratem
815 623 957 685 execrari
989 623 1117 686 solitum
1142 646 1205 704 eos,
1230 627 1285 707 qui

118 709 279 789 sprimum
302 709 383 797 haec
405 717 522 773 natura
546 708 752 772 cohaerentia
776 710 923 790 opinione
948 709 1180 774 distraxissent.
1225 706 1285 775 Cui

141 796 271 876 quidem
294 797 341 859 ita
357 791 437 859 'sunt
472 795 572 859 Stoici
606 796 743 873 adsensi,
778 802 814 858 ut
849 800 889 873 et,
925 797 1080 877 quidquid
1114 797 1284 862 honestum

142 889 236 961 esset,
260 883 293 945 id
316 883 398 945 utile·
420 904 489 948 esse
513 888 681 946 censerent
711 903 770 945 nec
804 882 882 945 utile
906 883 1085 962 quicquam,
1112 885 1197 965 quod
1220 907 1284 949 non
1388 905 1393 913 ·

140 969 320 1032 honestum.
345 969 438 1044 Quod
461 971 489 1032 si
511 968 537 1032 is
562 975 648 1032 esset
664 969 846 1046 Panaetius
871 969 926 1049 qui
938 969 1088 1032 virtutem
1110 977 1283 1051 propterea
1295 991 1327 1039 12

141 1055 309 1118 colendam
333 1056 464 1134 diceret,
489 1056 575 1136 quod
600 1077 638 1118 ea
662 1054 803 1119 efficiens
827 1054 975 1117 utilitatis
999 1062 1092 1134 esset,
1116 1063 1152 1119 ut
1175 1058 1206 1137 ii,
1229 1060 1283 1139 qui

16 1144 20 1191 ἶ
103 1163 192 1205 mres
216 1142 412 1222 expetendas
436 1141 486 1206 vel
507 1142 673 1223 voluptate
696 1142 747 1205 vel
762 1141 941 1205 indolentia
963 1144 1148 1222 metiuntur,
1171 1144 1284 1209 liceret

141 1229 170 1291 ei
194 1229 300 1292 dicere
324 1228 498 1292 utilitatem
522 1229 694 1309 aliquando
727 1250 798 1291 eum
828 1227 998 1291 honestate
1021 1250 1172 1311 pugnare.
1220 1231 1283 1296 Sed

141 1336 214 1378 cum
236 1316 278 1379 sit
300 1316 338 1392 is,
363 1317 418 1396 qui
441 1317 474 1379 id
499 1315 602 1380 solum
625 1315 744 1379 honum
767 1314 897 1392 iudicet,
929 1315 1015 1395 quod
1037 1314 1207 1381 honestum
1231 1320 1281 1398 sit,

140 1422 222 1482 quae
246 1408 354 1465 autem
378 1402 452 1466 huic
474 1408 654 1484 repugnent
685 1402 792 1482 specie
827 1401 968 1483 quadam
989 1401 1147 1479 utilitatis
1173 1426 1283 1468 eorum

139 1510 243 1568 neque
278 1491 463 1552 accessione
498 1489 664 1552 meliorem
698 1489 797 1550 ritem
831 1488 900 1550 fieri
934 1508 994 1550 nec
1018 1488 1203 1553 decessione
1226 1513 1282 1572 pe-

102 1576 249 1652 rsiorem,
274 1596 338 1638 non
361 1576 496 1656 videtur,
511 1575 659 1639 debuisse
684 1575 751 1637 eius
782 1575 869 1637 modi
893 1574 1157 1638 deliberationem
1183 1579 1281 1641 intro-

139 1662 267 1739 ducere,
291 1662 420 1741 inqua,
444 1663 531 1743 quod
546 1663 624 1725 utile
641 1662 811 1738 videretur,
837 1683 908 1724 cum
932 1682 980 1738 eo,
1004 1661 1089 1741 quod
1112 1662 1281 1726 honestum

140 1753 198 1825 est,
223 1753 473 1828 compararetur.
519 1747 647 1811 Etenim
679 1747 763 1828 quod
800 1768 958 1810 summum
981 1748 1099 1810 bonum
1123 1771 1142 1810 a
1166 1749 1281 1814 Stoicis
1294 1771 1325 1820 13

139 1834 265 1913 dicitur,
291 1836 516 1897 convenienter
531 1841 665 1898 naturae
681 1835 796 1910 vivere,
820 1835 853 1897 id
868 1834 968 1897 habet
983 1834 1074 1910 hanc,
1099 1842 1134 1898 ut
1158 1838 1279 1918 opinor,

139 1921 348 1984 sententiam:
384 1942 456 1984 cum
486 1921 603 1983 virtute
639 1941 814 2001 congruere
850 1941 985 2001 semper,
1021 1926 1129 1984 cetera
1163 1929 1279 2001 autem,

101 2028 221 2088 aequae
245 2008 420 2070 secundum
443 2013 592 2071 naturam
616 2016 732 2075 essent,
764 2007 810 2069 ita
832 2006 948 2087 legere,
973 2007 1000 2068 si
1024 2028 1062 2070 ea
1083 2009 1194 2072 virtuti
1216 2014 1288 2073 non

137 2099 363 2175 repugnarent.
409 2092 501 2170 Quod
525 2117 596 2158 eum
629 2094 676 2157 ita
710 2095 760 2169 sit,
795 2099 911 2175 putant
934 2093 1062 2173 quidam
1087 2094 1170 2158 hanc
1194 2117 1280 2160 com-

137 2181 338 2261 parationem
361 2201 425 2244 non
448 2186 535 2244 recte
559 2181 786 2258 introductam,
810 2201 869 2244 nec
886 2180 1014 2243 omnino
1038 2181 1077 2242 de
1102 2202 1139 2245 eo
1163 2203 1280 2263 genere

138 2268 309 2348 quicquam
325 2268 587 2349 praecipiendum
604 2267 711 2331 fuisse.
740 2267 844 2347 Atque
860 2266 939 2328 illud
955 2267 1083 2346 quidem
1100 2267 1279 2349 honestum,

138 2354 224 2433 quod
247 2355 375 2434 proprio
399 2376 537 2433 vereque
561 2354 687 2431 (licitur,
719 2352 751 2415 id
775 2355 807 2415 in
832 2353 1029 2434 sapientibus
1055 2360 1103 2416 est
1126 2356 1201 2418 solis
1224 2377 1279 2419 ne-

100 2461 198 2520 asque
215 2462 235 2503 a
257 2442 374 2503 virtute
399 2440 507 2503 divelli
529 2462 682 2521 umquam
702 2445 825 2520 potest,
850 2440 943 2501 iniis
968 2445 1085 2517 autem,
1109 2441 1140 2502 in
1165 2443 1280 2521 quibus

138 2527 296 2607 sapientia
318 2527 463 2607 perfecta
485 2548 549 2590 non
573 2533 631 2604 est,
656 2528 761 2607 ipsum
777 2525 856 2587 illud
872 2525 1001 2605 quidem
1024 2525 1202 2605 perfectum
1222 2528 1278 2591 ho-

128 2619 263 2676 nestum
283 2613 370 2676 nullo
394 2614 499 2692 modo,
525 2613 749 2676 similitudines
771 2611 899 2674 honesti
923 2632 992 2674 esse
1015 2620 1159 2692 possunt.
1190 2614 1279 2678 Haec
1291 2630 1321 2680 14

137 2699 220 2761 enim
246 2697 360 2777 officia,
392 2700 432 2762 de
463 2699 579 2781 quibus
609 2699 659 2762 his
689 2698 779 2761 libris
815 2698 1024 2779 disputamus
1049 2700 1156 2762 media
1180 2699 1278 2765 Stoici

137 2785 318 2866 appellant3
343 2806 382 2849 ea
406 2787 587 2849 communia
610 2791 685 2848 sunt
710 2791 742 2847 et
764 2784 830 2848 late
846 2789 973 2865 patent3
998 2805 1080 2865 quae
1105 2794 1137 2849 et
1160 2787 1278 2868 ingenii

97 2893 124 2932 30
135 2871 279 2935 bonitate
311 2873 404 2935 multi
435 2873 657 2954 adsequuntur
687 2876 720 2934 et
750 2871 972 2952 progressione
997 2871 1149 2936 discendi.
1194 2874 1276 2937 Illud

136 2963 242 3020 autem
267 2957 416 3036 officium,
449 2961 535 3040 quod
565 2965 689 3022 rectum
720 2958 806 3020 idem
829 2957 1003 3038 appellant,
1027 2958 1204 3038 perfectum
1229 2965 1277 3023 at-

136 3064 197 3122 que
221 3044 403 3107 absolutum
428 3052 476 3108 est
500 3053 541 3125 et,
565 3051 603 3108 ut
624 3046 709 3108 idem
727 3044 846 3120 dicunt,
872 3064 982 3106 omnes
1005 3065 1156 3108 numeros
1178 3046 1278 3110 habet

135 3151 194 3192 nec
206 3135 336 3211 praeter
351 3132 529 3212 sapientem
546 3130 660 3195 cadere
677 3131 709 3193 in
723 3150 915 3210 quemquam
931 3135 1047 3210 potest.
1073 3130 1151 3193 Cum
1168 3139 1276 3195 autem
1289 3149 1322 3200 15

81 3243 84 3247 ’
135 3216 257 3297 aliquid
280 3222 387 3280 actum
412 3225 469 3295 est,
506 3219 539 3280 in
570 3238 632 3299 quo
663 3217 771 3280 media
794 3215 900 3278 officia
924 3224 1140 3296 compareant,
1164 3218 1197 3282 id
1222 3241 1276 3282 cu-

96 3303 254 3365 eamulate
278 3302 405 3366 videtur
429 3325 497 3368 esse
520 3304 708 3385 perfectum,
739 3309 915 3384 propterea
946 3302 1031 3382 quod
1053 3303 1175 3384 vulgus,
1199 3308 1276 3386 quid

134 3389 219 3452 absit
235 3410 254 3452 a
269 3389 424 3470 perfecto,
448 3412 512 3454 non
528 3390 595 3452 iere
611 3390 778 3470 intellegit,
803 3394 960 3470 quatenus
977 3393 1083 3452 autem
1108 3391 1275 3475 intellegit,
1332 3463 1337 3471 ,

133 3475 212 3537 nihil
234 3481 328 3557 putat
350 3477 621 3558 praetermissum.
668 3475 760 3552 Quod
790 3475 867 3538 item
891 3475 923 3536 in
947 3476 1114 3555 poematis,
1144 3478 1178 3539 in
1207 3481 1275 3559 pic-

136 3599 338 3609 .—

221 3652 261 3701 17.
282 3656 318 3700 aet
336 3648 431 3716 BHb,
451 3649 514 3716 Ml.;
534 3657 598 3699 esset
616 3666 640 3716 c,
659 3648 800 3701 Bt.-23.
812 3645 996 3714 Atqnecodd,
1009 3647 1081 3715 Bt.¹‚
1099 3648 1180 3715 M1.²;
1200 3651 1276 3714 atqui

133 3733 304 3802 Fleckeisen,
323 3735 389 3801 Bt.²,
411 3735 473 3788 Mu.
493 3767 525 3774 —
537 3737 578 3789 34.
598 3742 765 3800 compareant
783 3733 967 3786 Anemoecius
987 3737 1014 3784 et
1032 3733 1155 3786 Nannius
1175 3752 1209 3786 ex
1227 3753 1272 3789 ve·

132 3821 311 3891 tuentibus,
331 3822 392 3874 edd.
401 3843 407 3889 3
427 3830 581 3888 comparant
599 3823 621 3874 B
631 3821 694 3889 Hb,
714 3827 862 3886 appareant
872 3836 895 3884 c,
915 3827 1065 3884 compareat
1082 3839 1111 3886 p.
1119 3853 1153 3859 -
1163 3824 1195 3870 st
1204 3822 1285 3869 ,ttenx
1376 3830 1378 3832 ’

133 3925 156 3976 c,
175 3909 219 3962 Bt.
226 3928 233 3975 3
253 3916 337 3960 autem
357 3910 416 3963 BH
426 3911 457 3978 b;
477 3911 547 3963 idem
564 3910 684 3980 Nonius,
697 3909 751 3964 m.

176 4005 213 4043 De
227 4003 316 4044 officiis.

1205 3976 1230 4019 Q
