2820 4178
138 165 176 222 10
594 159 643 211 DE
664 160 815 212 OFFICllS

136 334 221 396 circa
243 334 325 397 bene
348 333 561 414 praecipiunt,
586 334 641 414 qui
657 340 767 396 vetant
784 335 954 414 quicquam
978 356 1084 416 agere,
1109 332 1195 416 quod
1219 335 1277 398 du-

134 420 218 484 bites
242 440 380 499 aequum
404 420 445 482 sit
468 442 509 483 an
532 420 685 501 iniquum.
730 421 886 502 Aequitas
910 422 994 484 enirn
1016 421 1104 485 lucet
1126 424 1197 503 ipsa
1220 443 1280 503 per

136 527 180 584 16,
205 506 363 569 dubitatio
388 507 617 587 cogitationem
641 507 800 587 significat
822 508 967 570 iniuriae.

89 588 127 644 1⁰
224 592 288 656 Sed
310 593 456 656 incidunt
478 614 575 674 saepe
598 603 754 676 tempora,
790 616 933 672 cumea,
966 615 1048 675 quae
1070 595 1209 658 maxime
1232 595 1277 656 11-

93 661 124 711 31
137 680 254 742 dentur
277 679 374 760 digna
405 700 475 742 esse
505 680 589 743 iusto
621 679 749 744 homine
773 702 884 762 eoque,
915 702 1011 761 quem
1033 682 1136 743 uirum
1159 682 1279 745 bonurn
1304 711 1317 751 1

137 765 281 844 dicimus,
314 771 552 828 commutantur
582 766 727 848 fiuntque
752 768 924 847 contraria,
960 773 996 830 ut
1017 768 1155 830 reddere
1179 767 1278 848 depo-

137 852 243 928 situm,
267 851 374 915 tacere
397 853 607 932 promissum,
632 874 779 934 quaeque
802 855 966 935 pertinent
989 855 1030 918 ad
1053 856 1223 917 veritatem
1247 860 1280 916 et

137 939 179 1000 ad
201 937 308 1015 fidem,
340 959 379 1002 ea
408 939 546 1017 migrare
581 941 742 1002 interdum
777 948 809 1003 61
841 961 905 1003 non
940 962 1067 1004 servare
1091 941 1127 1003 lit
1149 942 1278 1004 iustum.
1338 997 1342 1004 ,

137 1023 261 1086 Referri
285 1025 370 1088 enim
393 1025 487 1087 decet
510 1026 552 1088 ad
576 1047 623 1104 ea,
656 1046 737 1105 quae
761 1027 854 1106 posui
877 1028 1045 1109 principio,
1069 1028 1279 1091 fundamenta

111 1110 288 1189 iustitiae,
323 1112 462 1192 primum
492 1117 528 1174 ut
560 1133 601 1174 ne
633 1113 683 1175 cui
713 1118 878 1192 noceatur,
909 1114 1025 1177 deinde
1057 1121 1092 1176 ut
1120 1112 1279 1176 communi
1290 1142 1318 1180 10

137 1196 270 1260 utilitati
301 1199 466 1260 serviatur.
512 1199 560 1261 Ea
583 1220 654 1262 cum
677 1204 823 1279 ternpore
855 1206 1102 1276 commutantur,
1138 1221 1278 1262 commu·
1343 1255 1347 1262 .

94 1297 128 1348 32
137 1289 226 1346 tatur
250 1282 390 1346 officinm
411 1289 443 1347 et
461 1306 526 1348 non
545 1307 672 1366 semper
692 1292 740 1348 est
762 1285 857 1347 idem.
890 1285 1001 1348 Potest
1024 1285 1108 1347 enim
1132 1285 1279 1347 accidere

140 1370 333 1451 promissum
357 1371 487 1452 aliquod
512 1377 544 1434 61
567 1378 766 1450 conventum,
797 1376 834 1434 ut
864 1372 895 1434 id
928 1370 1011 1434 effici
1034 1373 1076 1433 sit
1097 1370 1209 1432 inutile
1232 1371 1282 1432 rel

139 1457 176 1532 ei,
202 1457 252 1518 cui
274 1459 466 1537 promissum
490 1458 540 1536 sit,
564 1460 614 1522 vel
638 1460 675 1536 ei,
708 1459 763 1539 qui
785 1458 978 1538 promiserit.
1024 1457 1107 1520 Nam
1130 1457 1165 1536 si,
1190 1461 1226 1519 ut
1248 1457 1281 1518 in

138 1542 255 1607 fabulis
279 1550 337 1619 est,
361 1544 538 1625 Neptunus,
574 1546 660 1626 quod
683 1544 807 1608 Theseo
831 1545 1034 1626 promiserat,
1057 1565 1120 1606 non
1141 1543 1319 1621 fecissetis
1367 1596 1368 1599 ¹

139 1629 280 1694 Theseus
310 1630 485 1713 Hippolyto
514 1631 579 1695 filio
610 1653 674 1695 non
698 1637 784 1695 esset
807 1631 956 1710 orbatus3
991 1651 1030 1693 ex
1063 1631 1167 1694 tribus
1198 1629 1282 1692 enim

139 1717 269 1797 optat-ia,
297 1725 334 1780 ut
365 1717 525 1796 scribitur,
557 1719 617 1782 hoc
652 1725 722 1782 erat
745 1719 887 1796 tertium,
919 1719 1006 1799 quod
1041 1714 1081 1781 de
1115 1715 1281 1798 Hippolyti

140 1803 277 1864 interitu
295 1805 397 1867 iratus
421 1807 559 1886 optavit;
590 1827 653 1886 quo
674 1806 847 1886 impetrato
872 1807 905 1868 in
928 1805 1083 1868 maximos
1106 1804 1211 1867 luctus
1234 1804 1281 1865 in-

141 1889 227 1951 cidit.
272 1889 340 1952 Nec
361 1894 520 1971 promissa
543 1893 641 1973 igitur
675 1894 833 1955 servanda
856 1898 930 1955 sunt
954 1913 1001 1968 ca,
1037 1912 1119 1972 quae
1144 1891 1209 1953 sint
1231 1889 1281 1965 iis,

140 1975 254 2054 quibus
277 1977 471 2056 promiseris,
496 1979 631 2045 inutilia,
655 1999 723 2055 nec,
748 1978 775 2040 si
797 1979 869 2059 plus
892 1978 952 2042 tibi
969 1999 1007 2041 ea
1023 1983 1160 2041 noceant
1184 1997 1320 2056 quamao

139 2060 187 2123 illi
209 2064 343 2142 prosint,
377 2065 427 2127 cui
461 2065 656 2145 promiseris,
693 2070 805 2126 contra
828 2064 968 2127 officium
992 2070 1042 2126 est
1064 2063 1166 2125 maius
1191 2066 1280 2123 ante·

139 2149 216 2227 poni
238 2149 370 2229 minori3
393 2158 438 2226 ut,
463 2152 489 2215 si
513 2151 717 2214 constitueris
737 2151 875 2232 cuipiam
894 2155 927 2213 te
944 2150 1135 2212 advocatum
1158 2148 1190 2210 in
1213 2168 1282 2209 16111

139 2241 343 2314 praesentem
367 2258 436 2301 esse
459 2244 628 2302 venturum
651 2242 748 2317 atque
778 2237 907 2300 interim
938 2236 1078 2317 graviter
1111 2240 1280 2316 aegrotare

140 2320 223 2383 filius
248 2324 400 2404 coeperit,
431 2346 495 2388 non
525 2327 567 2388 sit
598 2330 710 2387 contra
733 2323 874 2386 officium
896 2324 1099 2399 nonfacere,
1124 2322 1210 2403 quod
1235 2321 1281 2382 di-

141 2409 235 2486 16111,
259 2411 425 2490 magisque
447 2412 511 2490 1116,
544 2411 595 2475 cui
623 2411 817 2492 promissum
840 2411 891 2485 sit,
923 2410 963 2473 ab
996 2409 1100 2472 officio
1125 2407 1319 2485 discedatis

142 2500 168 2562 si
191 2519 224 2562 se
249 2499 439 2562 destitutum
462 2504 624 2580 queratur.
670 2497 738 2560 lam
760 2498 824 2560 illis
855 2497 1021 2578 promissis
1045 2495 1195 2558 standum
1218 2513 1282 2554 non

142 2607 212 2650 6116
236 2585 306 2665 quis
329 2606 394 2648 non
416 2587 512 2663 videt,
544 2606 626 2666 quae
650 2590 781 2647 coactus
805 2586 875 2664 quis
898 2589 996 2661 metu,
1021 2602 1103 2661 quae
1127 2582 1281 2660 deceptus

143 2672 216 2737 dolo
240 2672 448 2752 promiserit?
478 2692 560 2751 quae
584 2672 713 2752 quidem
736 2670 891 2751 pleraque
923 2671 990 2732 iure
1014 2669 1178 2750 praetorio
1201 2666 1281 2728 libe-

141 2765 264 2836 rantur,
288 2779 353 2821 non
375 2757 464 2821 nulla
486 2758 619 2838 legibus.

99 2868 132 2920 33
213 2845 380 2928 *Existunt
404 2846 501 2908 etiam
518 2865 613 2925 saepe
630 2845 768 2906 iniuriae
785 2843 945 2905 calumnia
969 2841 1110 2922 quadam
1133 2845 1166 2901 et
1189 2837 1283 2899 nimis
1295 2859 1322 2896 ao

143 2932 271 3009 callida,
306 2931 363 2994 sed
397 2931 559 2994 malitiosa
592 2930 670 2993 iuris
704 2929 980 3009 interpretatione.
1028 2927 1076 2989 Ex
1110 2946 1172 3005 quo
1203 2923 1284 2985 illud

140 3013 356 3082 ‘Summum
379 3018 443 3080 ius
467 3037 620 3080 summa
643 3007 812 3079 iniuria'
846 3015 968 3078 factum
999 3019 1048 3076 est
1077 3014 1142 3074 iam
1172 3011 1284 3073 tritum

143 3126 290 3170 sermone
319 3104 532 3185 proverbium.
579 3102 648 3178 Quo
679 3104 712 3164 in
735 3122 852 3182 genere
887 3102 984 3163 etiam
1018 3100 1052 3162 in
1087 3119 1122 3161 re
1156 3096 1285 3178 publica

142 3192 245 3256 multa
268 3196 452 3272 peccantur,
477 3196 512 3252 ut
528 3189 592 3267 1116,
616 3190 681 3268 qui,
706 3209 775 3250 cum
793 3188 926 3267 triginta
942 3188 1066 3250 dierum
1083 3189 1190 3248 essent
1213 3204 1284 3245 curn

142 3279 235 3342 hoste
258 3278 402 3340 indutiae
425 3276 540 3355 factae,
564 3283 663 3338 noctu
684 3274 901 3356 populabatur
924 3293 1027 3354 agros,
1052 3271 1139 3353 quod
1162 3270 1286 3332 dierum
1295 3289 1323 3328 61

144 3369 251 3429 essent
273 3369 398 3444 pactae,
422 3384 486 3425 non
509 3363 653 3425 noctium
675 3361 828 3423 indutiae.
852 3361 900 3423 Ne
925 3367 1036 3423 noster
1059 3358 1188 3440 quidem
1210 3376 1288 3436 pro-

142 3451 279 3532 bandus,
303 3451 329 3512 si
352 3471 462 3512 verum
486 3454 535 3512 est
566 3448 601 3524 Q.
625 3448 759 3512 Fabium
783 3447 967 3510 Labeonem
990 3467 1047 3509 seu
1071 3465 1165 3526 quem
1188 3443 1287 3506 alium

144 3537 236 3620 (nihil
272 3538 357 3600 enim
390 3535 494 3600 habeo
528 3541 659 3617 praeter
693 3534 851 3612 auditum)
895 3534 1051 3597 arbitrum
1086 3530 1219 3595 Nolanis
1254 3533 1287 3589 et

143 3624 368 3705 Neapolitanis
391 3623 431 3686 de
454 3621 571 3687 finibus
595 3643 614 3684 a
638 3616 752 3685 senatu
782 3620 903 3690 datum,
936 3641 1007 3682 cum
1038 3620 1079 3681 ad
1110 3619 1217 3680 locum
1233 3636 1287 3676 ve-

231 3801 272 3850 21.
298 3797 342 3847 cal
366 3794 444 3862 edd.;
469 3796 513 3846 cui
531 3794 602 3860 quod
620 3793 714 3859 BHb‚
739 3792 787 3845 sed
810 3791 839 3843 in
863 3793 885 3844 B
911 3791 981 3856 quod
1008 3807 1117 3842 erasum
1136 3791 1178 3842 ost
1206 3787 1287 3855 (teste
1382 3859 1387 3867 ι

142 3883 256 3950 Popp.);
275 3883 319 3933 cui
337 3882 403 3947 qaid
421 3898 444 3935 c.
464 3912 497 3920 -
516 3884 557 3933 31.
576 3880 622 3931 aad
641 3880 775 3930 nialitioaa
794 3879 857 3931 secl.
877 3879 920 3930 Bt.
