2820 4178
404 161 471 213 ura.
492 162 513 214 1.
551 161 626 214 cAP.
646 164 756 215 sv-ee.
794 161 973 232 §ren-139.
1219 170 1257 228 41

115 354 180 398 non
204 335 473 417 obtemperantes,
491 335 620 399 siccius
640 337 727 400 modi
740 337 880 400 motibus
900 357 1005 400 sermo
1023 336 1119 412 debet
1134 358 1260 415 vacare,

115 442 155 484 ne
179 428 234 487 aut
257 424 305 485 ira
329 423 446 485 existat
469 428 525 485 aut
548 423 707 504 cupiditas
731 423 839 504 aliqua
852 429 908 487 aut
919 423 1051 504 pigritia
1063 430 1119 486 aut
1134 424 1261 506 ignavia

115 513 171 572 aut
193 508 258 573 tale
282 509 404 590 aliquid
425 515 593 590 appareat,
622 510 824 590 maximeque
848 511 1024 574 curandum
1048 516 1105 587 est,
1136 518 1172 573 ut
1195 532 1259 590 eos,

115 596 304 676 quibuscum
345 616 507 685 ermonem
538 595 747 674 conferemus,
772 602 805 659 et
827 598 930 660 vereri
954 603 986 660 et
1010 596 1142 677 diligere
1172 599 1260 662 vide·

89 701 215 746 samur.
261 618 509 763 Obilrdattbbts
541 684 638 745 etiam
661 704 725 747 non
747 704 922 764 numquam
945 684 1090 772 incidunt
1112 705 1259 748 necessa*
1331 749 1334 755 ,

114 769 191 848 riae,
226 770 261 832 in
294 768 409 851 quibus
443 770 600 833 utendum
635 775 684 832 est
717 769 855 833 fortasse
879 777 912 833 et
934 772 1020 833 vocis
1053 772 1258 835 contentione

114 857 235 919 maiore
258 862 290 919 et
312 855 482 920 verborum
505 856 662 938 gravitate
686 857 820 933 acriore,
843 857 877 919 id
901 857 1060 937 agendum
1091 858 1198 937 etiam,
1222 864 1258 921 ut

115 963 153 1005 ea
175 942 282 1006 facere
305 943 472 1006 videamur
494 943 579 1006 irati.
626 943 698 1022 Sed,
722 949 759 1007 ut
781 943 823 1006 ad
846 944 1003 1007 urendum
1020 949 1052 1005 et
1075 945 1258 1024 secandum,

115 1029 160 1092 sic
183 1029 309 1093 adhoc
332 1051 431 1110 genus
456 1029 634 1112 castigandi
657 1050 731 1094 raro
754 1030 909 1111 invitique
929 1030 1091 1093 veniemus
1107 1051 1166 1093 nec
1190 1053 1257 1093 um-

76 1135 211 1196 10quam
234 1117 295 1179 nisi
318 1116 510 1196 necessario,
533 1117 560 1179 si
583 1116 671 1179 nulla
697 1117 878 1197 reperietur
900 1117 964 1179 alia
993 1116 1170 1195 medicina;
1202 1117 1258 1181 sed

114 1207 223 1265 tamen
246 1203 294 1266 ira
316 1203 428 1284 procul
451 1204 545 1282 absit,
570 1225 640 1267 cum
664 1224 727 1283 qua
750 1203 830 1266 nihil
852 1208 939 1266 recte
970 1201 1049 1282 fieri,
1081 1202 1159 1265 nihil
1183 1225 1257 1266 con-

114 1289 253 1354 siderate
276 1295 392 1371 potest.
427 1289 578 1369 Magnam
602 1295 709 1353 autem
732 1295 859 1370 partem
882 1289 1031 1352 clementi
1048 1290 1258 1369 castigatione
1271 1300 1320 1351 137

113 1375 191 1440 licet
211 1377 269 1455 uti,
293 1378 450 1458 gravitate
473 1382 582 1440 tamen
605 1376 767 1455 adiuncta,
790 1384 826 1439 ut
843 1382 876 1439 et
891 1377 1043 1439 severitas
1067 1376 1259 1441 adhibeatur

115 1468 147 1526 et
163 1463 358 1526 contumelia
371 1463 557 1544 repellatur.
580 1466 686 1543 Atque
711 1465 808 1526 etiam
823 1462 904 1525 illud
926 1463 1041 1544 ipsum,
1065 1463 1152 1543 quod
1169 1482 1265 1526 acen*

76 1549 224 1613 1⁵bitatis
253 1549 353 1614 habet
384 1550 575 1631 obiurgatio,
610 1548 853 1630 significandum
878 1555 935 1626 est,
970 1550 1070 1630 ipsius
1094 1549 1127 1612 id
1151 1571 1257 1628 causa,

103 1638 169 1717 ‘qui
193 1637 388 1717 obiurgetur,
413 1657 482 1699 esse
507 1646 703 1716 susceptum.
748 1636 884 1699 Rectum
908 1643 957 1699 est
979 1642 1088 1699 autem
1112 1637 1209 1699 etiam
1225 1639 1258 1699 in

113 1722 177 1785 illis
193 1722 461 1804 contentionibus,
479 1742 561 1803 quae
578 1745 649 1786 cum
665 1723 892 1786 inimicissimis
907 1721 997 1801 fiunt,
1022 1724 1147 1786 etiamsi
1163 1724 1256 1788 nobis
1349 1796 1353 1802 ‚

114 1809 246 1890 indigna
276 1809 454 1888 audiamus,
493 1818 602 1873 tamen
646 1811 837 1896 gravitatem
866 1811 1017 1888 retinere,
1056 1810 1256 1874 iracundiam

113 1895 242 1977 pellere.
283 1894 370 1970 Quae
395 1898 574 1960 enimcum
605 1896 713 1976 aliqua
743 1897 985 1977 perturbatione
1015 1895 1105 1976 fiunt,
1136 1917 1175 1960 ea
1198 1919 1257 1960 nec
1308 1936 1311 1941 ,

73 2006 103 2046 ao
114 1989 300 2046 constanter
321 1981 392 2045 fieri
413 1989 549 2064 possunt
571 2005 675 2065 neque
697 1983 745 2060 iis,
770 1984 824 2064 qui
847 1982 974 2061 adsunt,
1005 1983 1147 2064 probari.
1192 1983 1256 2047 De-

112 2069 214 2133 forme
238 2070 336 2133 etiam
360 2077 409 2133 est
432 2071 471 2134 de
496 2091 529 2134 se
552 2071 656 2151 ipsum
673 2070 873 2152 praedicare,
897 2068 979 2132 falsa
1000 2071 1200 2151 praesertim,
1225 2077 1258 2134 et

113 2179 184 2220 cum
207 2157 354 2220 irrisione
375 2157 574 2221 audientium
596 2157 716 2220 imitari
737 2157 872 2219 militem
895 2157 1078 2236 gloriosum.

198 2244 241 2306 Et
264 2244 414 2323 quoniam
439 2245 546 2308 omnia
568 2245 800 2326 persequimur,
829 2241 974 2305 volumus
1005 2244 1135 2323 quidem
1159 2251 1280 2335 certe,1

113 2329 283 2393 dicendum
318 2336 368 2393 est
401 2331 508 2410 etiam,
543 2331 671 2412 qualem
704 2329 841 2393 hominis
875 2328 1025 2392 honorati
1048 2335 1081 2393 et
1103 2331 1256 2413 principis

74 2417 243 2480 asdomum
265 2417 394 2498 placeat
428 2439 507 2480 esse.
543 2418 639 2480 Cuius
662 2418 734 2479 finis
758 2423 807 2480 est
830 2438 915 2494 usus,
940 2416 981 2478 ad
1003 2436 1098 2495 quem
1129 2438 1255 2481 accom-

112 2504 276 2566 modanda
299 2510 348 2566 est
371 2503 564 2567 aedificandi
588 2505 771 2584 descriptiO,
785 2510 818 2565 et
833 2508 941 2565 tamen
966 2501 1149 2566 adhibenda
1170 2526 1255 2567 com-

113 2591 278 2652 moditatis
311 2590 539 2670 dignitatisque
572 2590 746 2669 diligentia.
792 2587 847 2652 Cn.
876 2588 1017 2665 Octavio,
1050 2590 1104 2668 qui
1134 2591 1255 2670 primus

114 2696 153 2738 ex
174 2675 230 2738 illa
265 2675 387 2738 familia
419 2676 529 2739 consul
563 2676 666 2739 t'actus
691 2681 748 2753 est,
783 2675 897 2737 honori
931 2674 1028 2738 fuisse
1063 2678 1254 2757 accepimus,

113 2762 199 2842 quod
221 2761 422 2843 praeclaram
454 2761 656 2826 aedificasset
678 2763 711 2824 in
733 2762 858 2825 Palatio
883 2767 915 2824 et
937 2761 1066 2844 plenam
1090 2763 1255 2844 dignitatis

73 2849 258 2928 sodomum;
281 2869 363 2929 quae
388 2870 460 2912 cum
483 2848 576 2930 vulgo
599 2849 764 2928 viseretur,
796 2847 972 2928 suffragata
1003 2848 1141 2928 domine,
1172 2870 1254 2915 novo

112 2934 242 3013 homini,
266 2936 307 2998 ad
329 2936 531 2999 consulatum
560 2937 745 3017 putabatur.
790 2935 882 2998 Hanc
914 2934 1052 2998 Scaurus
1083 2936 1253 3000 demolitus

113 3022 328 3085 accessionem
362 3023 508 3086 adiunxit
542 3023 686 3086 aedibus.
729 3022 844 3103 ltaque
867 3022 921 3084 ille
943 3023 975 3084 in
999 3043 1090 3084 suam
1125 3023 1253 3085 domum

1283 2211 1319 2268 39

1284 2285 1317 2336 38

113 3107 313 3170 consulatum
335 3112 457 3189 primus
480 3110 597 3186 attulit,
621 3109 682 3187 hic,
707 3110 821 3172 summi
845 3114 877 3171 et
894 3108 1063 3170 clarissimi
1086 3109 1144 3170 viri
1160 3107 1253 3187 filius,

112 3194 144 3256 in
173 3193 302 3256 domum
335 3197 580 3276 multiplicatam
611 3218 674 3259 non
708 3195 870 3276 repulsam
902 3194 1006 3257 solum
1038 3194 1173 3272 rettulit,
1198 3197 1254 3259 sed

73 3302 102 3342 aa
112 3280 318 3362 ignominiam
342 3284 438 3345 etiam
458 3289 490 3345 et
510 3283 736 3346 calamitatem.
759 3281 912 3345 Ornanda
935 3281 1019 3343 enim
1043 3288 1092 3344 est
1116 3281 1253 3362 dignitas
1266 3297 1314 3348 139

113 3367 217 3445 dome,
241 3387 306 3429 non
329 3389 369 3431 ex
392 3368 487 3431 domo
511 3374 580 3432 tota
603 3369 798 3450 quaerenda,
821 3387 881 3430 nec
898 3366 993 3430 domo
1018 3367 1175 3448 dominus,
1196 3368 1254 3431 sed

199 3546 239 3594 12.
267 3541 392 3608 Mopuam
419 3547 504 3589 autem
527 3548 630 3603 partem
656 3540 816 3603 Lambinus,
844 3539 920 3606 edd.;
949 3557 1043 3606 acapna
1071 3548 1156 3591 autent
1176 3547 1253 3604 parte
1297 3595 1300 3599 Α

112 3628 191 3680 codd.
212 3658 244 3667 -
256 3632 295 3682 13.
315 3636 344 3679 at
362 3635 386 3678 et
403 3627 528 3678 severitas
546 3627 632 3694 ch3
652 3633 681 3676 ut
698 3627 824 3677 reveritae
842 3626 932 3693 BHb,
953 3625 1014 3679 edd.
1033 3655 1067 3665 -
1088 3628 1128 3679 15.
1144 3627 1174 3676 id
1190 3627 1252 3679 secl.

110 3713 155 3766 Bt.
175 3746 206 3752 —
228 3718 267 3768 19.
281 3717 383 3780 pellere
407 3712 500 3780 codd,
520 3713 577 3780 Bt.;
602 3715 730 3778 repellere
753 3713 925 3781 (operarum,
949 3716 981 3766 ut
1004 3712 1123 3779 videtur,
1149 3716 1251 3779 errore)

111 3799 159 3853 Ml.
179 3832 212 3840 -
230 3805 272 3854 25.
286 3809 322 3852 eet
335 3819 398 3852 usur
410 3801 433 3853 L
444 3817 467 3867 c,
487 3799 562 3867 edd.;
586 3809 609 3851 et
621 3819 685 3852 uene
703 3801 791 3854 BHb.
804 3830 838 3839 —
851 3802 894 3853 32.
912 3800 1084 3851 accessionem
1101 3800 1155 3866 Lo,
1175 3800 1255 3862 edd.;

111 3885 288 3939 accensionem
306 3888 394 3942 BHb.
414 3918 447 3926 -
465 3891 507 3941 35.
527 3895 550 3938 et
568 3887 721 3956 Lc,.edd.·,
739 3904 796 3940 om.
810 3886 909 3940 bilta.
