2820 4178
131 141 170 201 52
587 134 638 188 DE
658 133 810 188 OFFIOHS

131 309 272 388 Quorum
297 330 388 372 error
411 308 594 390 eripiendus
626 313 676 371 est
698 307 871 390 opinioque
895 309 997 372 omnis
1021 307 1063 372 ad
1086 328 1157 372 eam
1180 329 1270 389 spem

128 396 340 473 traducenda,
364 402 400 458 ut
422 395 568 460 honestis
592 393 732 458 consiliis
763 394 919 475 iustisque
942 395 1046 474 factis,
1069 416 1134 460 non
1156 394 1269 461 fraude

131 489 164 547 et
186 482 312 546 malitia
334 503 368 546 se
392 482 584 563 intellegant
607 502 654 559 ea,
679 501 762 566 quae
784 481 893 557 velint,
918 483 1069 563 consequi
1093 502 1196 564 posse.

85 579 115 631 11
216 569 304 645 Quae
329 591 403 651 ergo
428 569 469 632 ad
484 570 583 632 vitam
598 567 764 631 hominum
779 569 933 632 tuendam
955 570 1128 651 pertinent,
1151 568 1269 650 partim

128 662 203 720 sunt
225 656 376 734 inanima,
406 661 443 719 ut
466 676 589 733 aurum,
624 659 802 736 argentum,
836 660 873 719 ut
897 675 944 735 ea,
980 675 1062 736 quae
1096 657 1305 737 gignuntur⁶

128 763 145 806 e
179 748 277 821 terra,
312 747 348 805 ut
382 742 447 806 alia
481 742 608 824 generis
643 743 801 819 eiusdem,
835 741 954 823 partim
988 743 1150 824 animalia,
1185 762 1268 823 quae

126 828 249 892 habent
271 848 345 892 suos
360 828 500 910 impetus
517 834 549 891 et
563 849 671 891 rerum
688 828 860 910 adpetitus.
883 828 1004 891 Eorum
1019 834 1128 892 autem
1150 827 1268 910 partim

125 915 261 979 rationis
284 916 430 996 expertia
452 920 536 994 sunt,
560 914 624 978 alia
646 916 773 978 ratione
794 916 929 979 utentia.
953 915 1111 998 Expertes
1134 916 1268 979 rationis

126 1002 210 1082 equi,
234 1002 342 1079 boveS,
366 1001 511 1082 reliquae
539 1001 691 1084 pecudea,
721 1021 808 1083 apes,
839 1022 975 1081 quarum
1010 1023 1106 1085 opere
1131 1001 1269 1066 efficitur

124 1088 248 1171 aliquid
270 1089 312 1152 ad
334 1109 427 1152 usum
449 1087 613 1152 hominum
637 1093 733 1169 atque
755 1089 864 1155 vitam.
887 1088 1023 1153 Ratione
1046 1094 1154 1153 autem
1176 1095 1306 1160 uten-10

124 1176 206 1239 tium
229 1175 292 1239 duc
316 1196 437 1256 genera
458 1180 593 1256 ponunt,
625 1176 759 1238 deorum
790 1196 898 1253 unum,
931 1174 1069 1238 alterum
1091 1176 1265 1240 hominum.

124 1261 210 1325 Deos
233 1261 382 1343 placatos
405 1262 510 1343 pietas
534 1261 653 1325 efficiet
676 1267 709 1324 et
739 1261 912 1340 sanctitas3
935 1263 1079 1343 proxime
1104 1269 1212 1327 autem
1235 1270 1268 1328 et

125 1348 301 1412 secundum
333 1348 411 1412 deos
434 1348 581 1412 homines
604 1347 786 1411 hominibus
817 1348 956 1411 maxime
978 1348 1075 1412 utiles
1099 1371 1169 1414 esse
1191 1371 1265 1432 pos-

82 1440 207 1498 12sunt.
252 1434 437 1515 Earumque
460 1436 540 1497 item
562 1456 679 1511 rerum,
705 1455 787 1514 quae
809 1440 949 1498 noceant
965 1440 997 1499 et
1013 1436 1129 1515 obsint,
1154 1438 1266 1501 eadem

125 1522 237 1586 divisio
263 1528 320 1585 cst.
367 1521 432 1585 Sed
455 1522 531 1602 quia
559 1521 637 1584 deos
667 1541 784 1584 nocere
816 1543 880 1585 non
910 1527 1035 1603 putant,
1062 1524 1102 1586 iis
1126 1525 1305 1606 exception

123 1607 269 1673 homines
297 1607 480 1672 hominibus
514 1609 628 1671 obesse
651 1607 825 1689 plurimum
858 1609 1066 1673 arbitrantur.
1112 1610 1160 1673 Ea
1183 1611 1267 1674 enim

123 1695 204 1778 ipsa,
228 1715 311 1776 quae
341 1695 484 1759 inanima
515 1695 662 1775 diximus,
697 1695 852 1776 pleraque
876 1701 950 1758 sunt
972 1695 1137 1761 hominum
1161 1699 1267 1779 operis

124 1780 256 1861 effecta3
280 1802 362 1862 quae
386 1803 446 1845 nec
468 1781 672 1861 haberemus,
703 1782 764 1844 nisi
797 1804 910 1846 manus
935 1789 967 1846 ct
990 1804 1042 1846 ars
1066 1788 1266 1861 accessisset

123 1890 183 1932 nec
205 1869 244 1932 iis
268 1873 335 1933 sine
359 1869 525 1933 hominum
548 1869 827 1932 administratione
849 1874 1022 1933 uteremur.
1045 1870 1157 1950 Neque
1182 1873 1267 1935 enim

122 1955 315 2019 valetudinis
339 1957 463 2018 curatio
486 1975 591 2036 neque
612 1955 774 2034 navigatio
791 1976 895 2036 neque
919 1956 988 2035 agri
1012 1956 1138 2019 cultura
1161 1979 1304 2038 nequeas

121 2042 250 2124 frugum
272 2042 498 2122 fructuumque
521 2041 718 2121 reliquorum
741 2041 906 2123 perceptio
923 2047 956 2104 et
972 2044 1172 2106 conservatio
1197 2045 1264 2107 sine

80 2136 112 2188 13
122 2128 286 2192 hominum
311 2149 411 2210 opera
432 2128 500 2191 ulla
527 2149 597 2191 esse
620 2128 788 2209 potuisset.
833 2127 901 2191 Iam
925 2148 1000 2191 vero
1024 2134 1057 2190 et
1080 2149 1191 2192 earum
1214 2151 1265 2192 re-

121 2237 202 2293 rum,
228 2215 344 2296 quibus
367 2216 615 2293 abundaremus,
647 2213 829 2295 exportatio
853 2218 885 2276 et
909 2233 1028 2292 earum,
1053 2215 1168 2294 quibus
1193 2236 1265 2298 cge-

121 2323 240 2380 remus,
264 2303 402 2366 invectio
426 2308 513 2366 certe
540 2300 630 2364 nulla
650 2307 745 2381 esset,
769 2300 831 2362 nisi
853 2300 892 2363 iis
911 2301 1097 2365 muneribus
1119 2301 1265 2367 homines

121 2387 340 2469 fungerentur.
364 2389 551 2469 Eademque
574 2388 700 2451 ratione
734 2408 794 2450 nec
816 2386 940 2467 lapides
964 2392 1114 2450 exterra
1138 2389 1303 2458 excide-25

121 2481 235 2539 rentur
258 2476 300 2539 ad
322 2497 416 2539 usum
438 2482 584 2540 nostrum
606 2474 791 2551 necessarii,
814 2494 875 2536 nec
897 2473 1028 2552 ferrum,
1051 2495 1116 2554 aes,
1141 2497 1262 2555 aurum,
1344 2541 1346 2545 ,

123 2567 294 2643 argentum
316 2561 510 2626 effoderetur
539 2563 668 2644 penitus
699 2561 845 2626 abditum
875 2560 943 2624 sine
965 2559 1131 2624 hominum
1152 2561 1264 2627 labore

95 2652 156 2713 det
178 2670 286 2712 manu.
331 2648 430 2712 Tecta
453 2670 538 2727 vero,
569 2648 685 2729 quibus
716 2654 749 2711 et
778 2647 933 2730 frigorum
965 2648 1011 2710 vis
1034 2647 1210 2729 pelleretur
1232 2656 1265 2713 et

123 2735 267 2800 calorum
290 2735 458 2799 molestiae
482 2736 680 2813 sedarentur,
704 2734 789 2798 unde
806 2740 862 2798 aut
876 2734 968 2797 initio
992 2736 1102 2816 generi
1123 2735 1263 2800 humano

123 2822 195 2886 dari
216 2822 399 2902 potuissent
429 2829 485 2885 aut
514 2828 629 2904 postea
660 2821 828 2899 sublevari,
864 2821 890 2883 si
921 2826 977 2884 aut
1007 2821 1037 2882 vi
1059 2824 1263 2903 tempestatis
1275 2851 1303 2892 so

123 2915 179 2972 aut
202 2914 309 2971 terrae
333 2915 422 2972 motu
438 2914 494 2971 aut
508 2915 669 2972 vetustate
687 2908 888 2985 cecidissent,
912 2907 974 2970 nisi
998 2909 1174 2972 communis
1196 2909 1263 2972 vita

80 2996 164 3059 14ab
187 2994 370 3059 hominibus
393 2994 507 3059 harum
529 3016 637 3058 rerum
661 2994 781 3058 auxilia
802 2999 913 3074 petere
937 2993 1124 3058 didicisset?
1168 2995 1261 3060 Adde

123 3083 238 3147 ductus
261 3103 427 3163 aquarum,
445 3083 659 3145 derivationes
674 3079 850 3159 fluminum,
874 3101 1025 3162 agrorum
1047 3082 1260 3163 irrigationes,

121 3169 223 3233 moles
257 3169 423 3251 oppositas
452 3168 612 3248 fluctibus,
647 3176 760 3251 portus
795 3189 893 3231 manu
926 3167 1040 3245 factos,
1071 3189 1153 3250 quae
1176 3171 1262 3234 unde

121 3257 190 3320 sine
214 3256 379 3319 hominum
403 3277 499 3338 opere
522 3255 643 3320 habere
666 3255 856 3337 possemus?
879 3253 928 3317 Ex
952 3254 1066 3336 quibus
1089 3257 1262 3338 multisque
1274 3283 1302 3323 ss

121 3343 193 3407 aliis
216 3343 422 3424 perspicuum
446 3348 504 3421 est,
529 3344 584 3424 qui
607 3342 730 3405 fructus
755 3362 902 3422 quaeque
924 3341 1082 3406 utilitates
1106 3364 1146 3406 ex
1166 3344 1262 3407 rebus

207 3519 231 3569 7.
246 3516 350 3581 partim
367 3515 390 3568 L
400 3533 423 3582 c,
442 3515 543 3583 Popp.;
563 3532 616 3568 om.
636 3515 658 3567 B
669 3514 744 3581 Hlb3
764 3515 821 3564 alic
839 3515 879 3566 H²
903 3514 997 3583 (supra
1014 3514 1117 3567 lineam
1135 3513 1261 3567 additum

119 3621 201 3656 manu
219 3603 327 3670 altera),
347 3619 371 3669 a,
391 3601 452 3654 cdd.
471 3633 505 3640 -—
532 3605 555 3655 9.
575 3619 638 3665 apes
657 3601 720 3654 secl.
739 3600 922 3667 Facciclatus,
942 3600 1031 3667 Laud,
1051 3600 1112 3652 edd.
1133 3631 1164 3638 —
1184 3618 1261 3665 opere

118 3691 176 3745 BH
186 3693 204 3744 b
214 3690 237 3743 L
248 3707 271 3759 o,
290 3691 353 3756 Ml.;
373 3707 452 3752 opera
471 3707 494 3755 a,
514 3689 558 3740 Bt.
577 3719 611 3726 -
630 3690 672 3741 24.
691 3687 725 3738 iis
743 3687 836 3751 BbL;
855 3688 896 3737 liis
914 3687 948 3752 H,
969 3687 1045 3754 edd.;
1064 3687 1119 3753 hijs
1137 3703 1159 3739 c.
1172 3718 1202 3725 -
1218 3691 1259 3741 30.

118 3778 253 3829 subleuari
271 3776 383 3844 scripsi3
402 3775 537 3826 subveniri
555 3775 610 3842 Le,
629 3774 708 3839 M1.·2;
734 3774 872 3825 subvenire
891 3773 985 3840 BHb,
1004 3774 1058 3840 Bt,
1077 3774 1116 3827 Ml
1134 3773 1143 3806 ²
1166 3805 1198 3812 —
1217 3776 1259 3829 35.

108 3880 193 3921 wera
208 3865 298 3929 codd,
317 3864 386 3930 Ml,
405 3879 487 3930 opera
504 3862 661 3929 Ascensius,
681 3861 725 3913 Bt.
