2820 4178
416 156 484 208 nra.
504 157 551 208 111.
589 155 665 208 cnr.
688 159 728 220 ic,
750 157 790 208 17.
827 155 974 224 §ec-71.
1229 161 1270 222 97

213 331 278 395 Sed
301 330 395 394 aliter
416 330 514 412 leges,
539 314 634 392 aliter
655 327 838 410 philosophi
862 328 980 392 tollunt
1002 329 1148 409 astutias,
1172 329 1270 411 leges,
1280 337 1316 393 1¹1

126 424 285 501 quatenus
307 439 406 480 manu
428 422 538 480 tenere
565 421 709 497 possunt,
733 414 926 496 philosophi,
958 423 1116 498 quatenus
1146 417 1272 480 ratione

127 511 160 569 et
182 504 412 584 intellegentia.
457 503 552 566 Ratio
575 522 650 584 ergo
673 502 735 566 hoc
757 502 911 583 postulat,
934 524 974 566 ne
999 504 1076 584 quid
1110 503 1271 579 insidiose,

126 613 166 655 ne
190 591 267 672 quid
291 590 448 667 simulate,
478 611 518 652 ne
542 590 619 670 quid
642 588 810 652 fallaciter.
858 589 980 652 Suntne
1010 591 1109 671 igitur
1137 591 1273 653 insidiae

104 679 260 745 otendere
283 676 406 759 plagas,
443 676 570 739 etiamsi
601 676 799 738 excitaturus
822 697 887 739 non
911 676 953 738 sis
975 697 1035 738 nec
1070 676 1274 756 agitaturus?

125 765 235 848 Ipsae
251 765 335 827 enim
369 763 457 827 ferae
488 762 576 825 nullo
608 762 799 843 insequente
831 783 928 843 saepe
962 762 1116 825 incidunt.
1163 762 1215 826 Sic
1238 768 1274 825 tu

126 852 223 915 aedes
248 850 451 932 proscribas,
476 848 620 912 tabulam
643 854 808 930 tamquam
842 848 971 930 plagam
1001 869 1122 930 ponas,
1145 851 1178 912 in
1202 870 1275 912 eam
1305 883 1307 887 ·

126 938 242 1020 aliquis
272 937 416 1000 incurrat
446 935 656 1017 imprudens?
687 935 757 998 Hoc
788 956 983 1016 quamquam
1013 936 1107 1000 video
1140 941 1274 1017 propter
1283 948 1318 1000 69

127 1024 391 1107 depravationem
415 1021 656 1086 consuetudinis
680 1042 785 1103 neque
801 1043 891 1085 more
914 1028 1008 1104 turpe
1032 1022 1145 1087 haberi
1167 1041 1272 1102 neque

88 1138 116 1175 ιο
127 1119 183 1175 aut
205 1111 276 1192 lege
309 1110 427 1172 sanciri
449 1113 505 1172 aut
527 1109 596 1171 iure
621 1108 714 1188 civili,
738 1114 847 1172 tamen
874 1113 1011 1172 naturae
1034 1109 1104 1190 lege
1128 1113 1274 1171 sanctum

127 1203 186 1260 est.
233 1196 377 1260 Societas
402 1201 451 1259 est
474 1195 558 1259 enim
594 1195 695 1278 (quod
716 1195 777 1258 etsi
810 1216 906 1276 saepe
931 1194 1133 1276 dictumest,
1165 1195 1273 1258 dicen-

127 1285 203 1347 dum
220 1288 394 1347 esttamen
410 1283 561 1365 saepius),
580 1282 736 1345 latissime
749 1282 878 1363 quidem
896 1302 978 1364 quae
991 1288 1111 1363 pateat,
1133 1281 1274 1346 omnium

126 1371 212 1433 inter
228 1390 348 1448 omnes,
373 1369 508 1432 interior
528 1390 649 1445 eorum,
673 1369 728 1448 qui
751 1368 894 1432 eiusdem
917 1370 1021 1450 gentis
1045 1368 1117 1447 sint,
1142 1368 1274 1450 propior

128 1478 248 1535 eorum,
267 1456 322 1538 qui
342 1456 485 1520 eiusdem
507 1456 653 1519 civitatis
677 1454 791 1536 Itaque
803 1456 942 1519 maiores
962 1455 1050 1519 aliud
1064 1456 1113 1519 ius
1130 1456 1273 1536 gentium

90 1542 278 1607 1caliudius
293 1542 384 1606 civile
401 1563 471 1605 esse
487 1542 672 1621 voluerunt3
698 1542 785 1623 quod
802 1542 902 1619 civile,
925 1563 989 1605 non
1011 1543 1097 1605 idem
1122 1542 1274 1605 continuo
1301 1560 1303 1565 “

127 1631 279 1711 gentium,
305 1628 392 1710 quod
415 1634 523 1691 autem
546 1628 701 1708 gentium,
728 1629 815 1692 idem
843 1628 934 1692 civile
965 1649 1034 1692 esse
1059 1628 1164 1692 debet.
1211 1626 1274 1690 Sed

127 1737 186 1780 nos
216 1717 284 1778 ueri
317 1715 395 1777 iuris
423 1735 659 1794 germanaeque
693 1715 836 1778 iustitiae
873 1714 1010 1781 solidam
1033 1720 1066 1778 et
1088 1735 1273 1797 expressam

128 1801 269 1882 effigiem
290 1800 412 1864 nullam
434 1807 590 1879 tenemus,
620 1801 735 1864 umbra
758 1809 791 1864 et
813 1801 1006 1882 imaginibus
1036 1803 1164 1865 utimur.
1209 1801 1273 1864 Eas

126 1889 215 1970 ipsas
238 1887 362 1950 utinam
385 1907 520 1968 sequere
554 1887 609 1950 url
634 1887 797 1950 Feruntur
820 1888 903 1950 enim
928 1909 967 1950 ex
987 1889 1116 1971 optimis
1138 1894 1274 1951 naturae

88 2000 116 2038 ao
128 1980 161 2038 et
172 1974 318 2038 veritatis
340 1909 611 2056 exemplisffllam
624 1974 736 2054 quanti
758 1974 857 2038 verba
879 1974 951 2037 illa:
975 1992 1033 2039 uur
1054 1994 1098 2038 uu
1121 1987 1320 2037 raorruuw

128 2080 169 2124 ru
193 2078 344 2123 rionava
367 2078 460 2122 nunu
492 2077 618 2124 carrus
656 2078 900 2124 ralcnnuusva
924 2078 989 2141 siut,
1021 2082 1117 2143 qnam
1139 2060 1196 2124 illa
1219 2082 1275 2124 au-

43 2206 45 2213 .
126 2169 197 2212 rea:
222 2166 265 2210 ur
289 2165 391 2210 m'rna
413 2163 523 2210 nouos
547 2165 635 2210 anun
658 2165 761 2210 norun
789 2164 945 2211 oportuna
967 2167 1011 2211 nr
1027 2166 1101 2213 siun
1123 2164 1274 2210 ranunc-

61 2310 63 2314 .
128 2235 247 2297 riona!
272 2234 348 2314 Sed,
372 2234 427 2315 qui
451 2235 515 2297 sint
537 2233 622 2314 boni,
647 2239 680 2298 et
695 2234 773 2316 quid
787 2235 829 2298 sit
851 2234 934 2299 bene
958 2236 1019 2317 agi,
1043 2257 1161 2318 magna
1177 2254 1275 2317 quae-

128 2322 190 2384 stio
222 2326 279 2384 est.
326 2321 362 2396 Q.
387 2321 516 2400 quidem
548 2321 711 2398 Scaevola,
742 2321 889 2402 pontifex
918 2322 1086 2401 maximus,
1118 2341 1276 2385 summam

90 2430 117 2469 25
127 2408 190 2470 vim
214 2428 284 2471 esse
308 2407 437 2471 dicebat
459 2409 492 2469 in
516 2407 662 2471 omnibus
685 2408 724 2471 iis
740 2408 893 2486 arbitriis,
916 2409 949 2470 in
970 2409 1085 2490 quibus
1101 2409 1276 2473 adderetur

39 2544 42 2549 .
128 2512 172 2557 nx
187 2512 267 2556 uina
290 2511 391 2572 noun,
414 2491 553 2573 fideique
576 2494 681 2557 bonae
703 2514 821 2556 nomen
845 2494 1052 2559 existimabat
1073 2516 1205 2558 manare
1227 2493 1275 2556 la-

128 2581 260 2658 tissime,
284 2580 381 2660 idque
404 2580 526 2642 versari
535 2579 566 2642 in
579 2579 699 2658 tutelis
716 2581 934 2660 societatibus,
952 2580 1087 2661 fiduciis⁷
1103 2581 1274 2658 mandatis

128 2667 224 2730 rebus
239 2668 365 2747 emptis,
388 2666 536 2742 venditis,
561 2665 736 2745 conductis,
760 2666 885 2746 locatis,
909 2667 1025 2749 quibus
1036 2669 1121 2732 vitae
1138 2668 1275 2732 societas

130 2754 366 2831 contineretur3
394 2753 427 2815 in
449 2751 489 2815 iis
510 2752 619 2833 magni
651 2772 720 2815 esse
750 2753 866 2816 iudicis
896 2760 1048 2834 statuere,
1083 2754 1276 2836 praesertim

91 2861 201 2903 cocum
230 2841 262 2902 in
274 2839 437 2921 plerisque
461 2843 569 2901 essent
587 2838 708 2902 iudicia
731 2840 901 2920 contraria,
926 2841 1004 2922 quid
1027 2862 1186 2924 quemque
1209 2841 1275 2904 cui-

129 2946 190 3007 que
230 2932 398 3009 praestare
431 2930 605 3006 oporteret.
641 2923 809 3000 Quocirca
843 2928 980 2990 astutiae
1015 2928 1178 2992 tollendae
1201 2932 1317 2996 sunt‘ll

130 3033 231 3092 eaque
253 3013 387 3090 malitia,
412 3032 494 3093 quae
506 3010 574 3074 vult
596 3010 653 3074 illa
665 3011 795 3093 quidem
817 3012 918 3076 videri
931 3035 965 3077 se
978 3035 1048 3078 esse
1060 3015 1274 3096 prudentiam,

130 3098 186 3161 sed
224 3097 318 3161 abest
351 3097 391 3161 ab
416 3119 454 3161 ea
478 3097 640 3180 distatque
674 3097 856 3179 plurimum.
901 3100 1078 3165 Prudentia
1111 3107 1160 3165 est
1191 3101 1275 3164 enim

129 3184 238 3247 locata
267 3184 300 3245 in
332 3183 452 3247 dilectu
485 3184 643 3248 bonorum
674 3190 706 3248 et
735 3184 904 3266 malorum,
938 3187 1071 3266 malitia,
1104 3189 1130 3251 si
1158 3189 1275 3268 omnia

93 3291 214 3352 aequae
238 3269 346 3350 turpia
359 3275 444 3348 sunt,
465 3271 551 3334 mala
563 3276 646 3349 sunt,
669 3271 756 3335 mala
778 3272 872 3338 bonis
894 3274 986 3356 ponit
1000 3280 1086 3338 ante.
1109 3274 1177 3338 Nec
1199 3295 1277 3338 vero

130 3358 164 3419 in
186 3355 328 3439 praediis
352 3356 455 3418 solum
477 3356 527 3420 ius
551 3357 642 3421 civile
666 3357 799 3422 ductum
822 3380 842 3423 a
863 3365 980 3423 natura
1002 3360 1159 3425 malitiam
1188 3361 1276 3426 frau-

132 3445 269 3529 demque
292 3442 444 3521 vindicat,
468 3442 524 3506 sed
549 3445 644 3507 etiam
661 3445 695 3507 in
710 3446 943 3528 mancipiorum
958 3448 1143 3512 venditione
1165 3448 1276 3511 vendi-

129 3616 200 3669 1111111
209 3616 327 3669 adnotat
335 3615 401 3681 Bt).
411 3641 445 3652 —
456 3615 481 3666 5.
500 3614 665 3666 accitarum
676 3615 767 3684 BHb,
784 3617 860 3685 edd.;
878 3618 1039 3670 caritatem
1053 3620 1160 3671 beatum
1178 3637 1227 3688 pc.
1241 3650 1276 3658 —

130 3708 154 3757 7.
174 3703 248 3769 Quae
265 3705 330 3772 post
344 3717 432 3766 peace
450 3699 480 3751 in
499 3697 578 3752 codd.
598 3700 741 3769 leguntur:
760 3703 864 3755 domam
881 3712 995 3770 propter
1009 3705 1077 3756 vitia
1094 3707 1193 3758 vendas
1212 3722 1275 3758 cum

129 3788 315 3856 Ungerosecl.
327 3787 435 3843 edd.-
447 3787 487 3838 13.
502 3785 556 3836 aiat
574 3785 725 3856 B²prc‚
744 3789 807 3856 Ml.;
828 3798 889 3841 aaut
906 3791 951 3859 B¹‚
969 3791 1109 3846 Iac-35.
1124 3801 1277 3857 punctuate

129 3875 229 3928 BH¹b
261 3876 301 3942 (in
318 3874 344 3927 H
364 3871 529 3926 additoante
543 3873 623 3936 ponit
641 3890 725 3942 supra
740 3874 845 3928 lineam
861 3879 948 3944 unteq„
962 3878 1048 3941 edus,
1061 3886 1127 3926 nnuc
1140 3879 1223 3934 posta
1234 3892 1297 3932 qu.

205 3971 241 4010 De
255 3968 349 4016 officiis.
1187 3955 1211 3996 'l
