2820 4178
442 161 510 214 ura.
528 161 549 212 1.
586 162 662 215 car.
681 164 723 229 25,
742 164 784 215 ac.
821 163 964 224 sss-aa
1236 163 1276 223 27
1371 194 1373 199 ,

137 336 304 418 fugiamus.
327 337 411 401 Nam
425 343 462 401 ut
479 338 630 402 adversas
646 358 706 413 rea,
731 337 778 400 sio
794 337 951 400 secundas
973 337 1174 400 inmoderate
1194 337 1278 400 ferre

136 424 277 488 levitatis
309 430 367 503 est,
398 424 630 506 praeclaraque
667 428 716 486 est
746 424 961 504 aequabilitas
992 423 1024 485 iu
1048 425 1134 487 omni
1157 424 1223 487 vita
1246 428 1280 486 et
1350 490 1352 495 ,

136 509 223 595 idem
247 532 375 593 semper
396 511 501 574 vultus
525 510 703 591 eademque
726 508 825 588 frons,
848 517 885 573 ut
908 510 948 573 de
973 509 1106 573 Socrate
1129 510 1279 591 idemque

139 596 179 660 de
203 595 236 659 C.
260 597 369 661 Laelio
393 598 585 680 accepimus.
623 596 807 677 Philippum
830 596 969 677 quidem,
993 596 1205 660 Macedonum
1229 617 1279 659 re-

115 702 219 763 sgem,
243 683 338 747 rebus
359 685 457 766 gestis
492 691 524 747 et
558 684 661 765 gloria
692 687 878 764 superatum
909 681 1033 761 a'filio,
1068 683 1225 747 facilitate
1249 686 1282 745 et

138 768 338 833 humanitate
372 770 465 835 video
500 770 699 852 superiorem
733 767 841 832 fuisse.
859 772 864 780 ’
882 769 996 850 ltaque
1039 769 1123 833 alter
1155 789 1309 850 semper·

138 876 282 937 magnus
314 856 396 920 alter
424 877 521 938 saepe
552 856 765 938 turpissimus,
800 861 837 919 ut
869 862 957 918 recte
988 857 1174 937 praecipere
1194 855 1282 919 vide-

139 948 244 1021 antur,
267 944 322 1023 qui
344 949 485 1021 monent,
520 948 565 1021 ut,
601 947 722 1024 quanto
754 943 936 1023 superiores
970 945 1077 1020 simus,
1109 948 1282 1007 teutonos

139 1049 288 1110 geramus
322 1030 530 1093 summissius
576 1029 749 1092 Panaetius
791 1028 922 1110 quidem
955 1028 1156 1106 Africanum,
1192 1028 1282 1092 audi-

102 1121 243 1178 mtorem
257 1120 289 1178 et
301 1114 493 1179 familiarem
506 1137 607 1193 suum,
629 1114 758 1179 solitum
778 1117 825 1179 ait
844 1115 967 1178 dicere:
987 1120 1023 1177 ut
1036 1135 1135 1194 equos
1151 1120 1285 1197 propter
1349 1160 1352 1165 .

140 1201 270 1264 crebras
294 1203 516 1266 contentiones
546 1201 743 1284 proeliorum
766 1201 936 1264 ferocitate
969 1201 1150 1265 exultantes
1182 1200 1284 1264 domi-

139 1288 264 1352 toribus
294 1289 424 1353 tradere
456 1290 591 1366 soleant,
623 1294 658 1353 ut
688 1289 728 1351 iis
758 1287 957 1351 facilioribus
986 1290 1112 1368 possint
1145 1289 1203 1366 uti,
1238 1287 1283 1349 sio

138 1372 284 1438 homiues
329 1376 478 1455 secundis
522 1375 619 1439 rebus
679 1373 853 1438 effrenatos
898 1373 1022 1455 sibique
1067 1374 1285 1455 praefidentes

138 1466 304 1542 tamquam
333 1462 366 1524 in
396 1458 508 1544 'gy'rum
537 1462 673 1525 rationis
704 1466 737 1525 et
770 1460 939 1525 doctrinae
963 1461 1038 1524 duci
1063 1467 1224 1541 oportere,
1247 1465 1284 1523 ut

103 1567 128 1604 1⁵
138 1548 360 1628 perspicerent
388 1569 496 1612 rerum
518 1549 731 1611 humanarum
762 1547 1007 1612 inbecillitatem
1030 1549 1284 1627 varietatemque

139 1633 298 1697 fortunae.
329 1635 434 1716 Atque
466 1636 564 1699 etiam
593 1636 626 1697 iu
660 1634 901 1698 secundissimis
931 1633 1028 1698 rebus
1062 1634 1200 1698 maxime
1236 1638 1285 1696 est
1294 1644 1327 1696 91

139 1720 295 1783 utendum
318 1721 451 1785 consilio
482 1723 658 1786 amicorum
680 1721 784 1802 iisque
807 1721 911 1784 maior
945 1721 1043 1784 etiam
1078 1742 1175 1801 quarn
1208 1725 1283 1784 autc

141 1805 314 1870 tribuenda
337 1809 522 1872 auctoritas.
546 1807 716 1888 Isdemque
739 1807 937 1888 temporibus
962 1808 1139 1871 cauendum
1163 1813 1220 1886 est,
1243 1827 1284 1870 ne

129 1892 403 1957 'adsentatoribus
425 1893 659 1975 patefaciamus
683 1914 777 1957 aures
799 1914 879 1957 neve
903 1892 1028 1958 adulari
1050 1916 1109 1957 nos
1132 1895 1283 1972 sinamus,

105 1979 175 2041 coin
199 1985 261 2060 quo
284 1978 354 2043 falli
376 1980 470 2045 facile
494 1988 556 2061 est3
579 1982 661 2045 tales
685 1981 771 2045 enim
793 2001 852 2044 nos
873 2001 943 2045 esse
973 1986 1133 2062 putamus,
1157 1986 1193 2043 ut
1215 1980 1283 2043 iure

141 2065 318 2129 laudemur.
356 2067 406 2129 Ex
436 2088 498 2147 quo
536 2074 712 2132 nascuntur
749 2066 996 2131 innumerabilia
1032 2073 1177 2148 peecata,
1212 2087 1284 2129 cum

141 2152 287 2216 homiues
320 2151 423 2217 inflati
446 2154 649 2235 opinionibus
671 2155 811 2235 turpiter
833 2154 1009 2218 irridentur
1032 2160 1065 2217 et
1087 2155 1121 2216 iu
1136 2153 1283 2217 maximis

141 2246 311 2302 versantur
333 2240 504 2305 erroribus.
529 2240 593 2305 Sed
614 2240 696 2305 haec
720 2241 850 2322 quidem
869 2240 1035 2304 hactenus.

228 2324 312 2389 lllud
342 2332 450 2389 autem
484 2327 530 2391 sic
562 2333 610 2390 est
644 2327 862 2402 iudicandum,
889 2328 1046 2389 maximas
1074 2327 1142 2408 geri
1175 2347 1228 2389 res
1251 2330 1284 2388 et
1293 2341 1327 2393 92

105 2429 132 2469 ss
142 2411 274 2474 maximi
297 2413 395 2475 animi
429 2412 470 2475 ab
493 2413 542 2491 iis,
577 2414 632 2495 qui
666 2434 718 2476 res
746 2413 892 2493 publicas
915 2418 1038 2493 regant,
1063 2414 1149 2493 quod
1174 2433 1283 2475 earum

143 2497 379 2561 administratio
403 2498 558 2563 latissime
581 2505 694 2581 pateat
712 2499 754 2563 ad
776 2498 996 2580 plurimosque
1017 2500 1188 2580 pertineat,
1213 2519 1283 2561 esse

143 2590 252 2646 autem
274 2585 383 2666 magni
406 2585 504 2667 animi
521 2590 554 2648 et
568 2585 668 2649 fuisse
683 2585 802 2649 multos
826 2585 923 2649 etiam
946 2586 979 2647 in
1002 2586 1068 2647 vita
1091 2586 1204 2662 otiosa,
1229 2585 1283 2665 qui

143 2675 199 2732 aut
221 2670 451 2751 investigarent
485 2677 542 2735 aut
579 2677 774 2736 conarentur
805 2692 922 2752 magna
956 2672 1115 2752 quaedam
1149 2691 1284 2751 seseque

143 2777 272 2819 suarum
294 2777 402 2820 rerum
425 2757 542 2821 finibus
576 2758 779 2822 continerent
812 2764 869 2821 aut
890 2758 1052 2822 interiecti
1074 2759 1160 2822 inter
1182 2756 1283 2839 philo-

105 2860 132 2900 ³0
143 2843 261 2924 sophos
292 2849 325 2906 et
355 2865 419 2923 eos,
451 2845 505 2927 qui
532 2865 605 2912 rem
635 2843 797 2926 publicam
832 2844 1104 2923 administrarent,
1143 2844 1283 2908 delecta·

142 2936 254 2992 rentur
276 2951 310 2993 re
335 2952 393 2994 sua
420 2930 572 2995 familiari
594 2953 658 2995 uon
682 2952 750 2994 eam
776 2930 906 3013 quidem
929 2932 1015 2994 omni
1038 2933 1163 2995 ratione
1188 2951 1282 3010 exag-

142 3023 290 3095 gerantes
321 3038 425 3098 neque
456 3018 663 3082 excludentes
695 3018 735 3081 ab
765 3019 833 3081 eius
862 3039 923 3081 usu
950 3038 1025 3080 suos
1055 3019 1226 3099 potiusque
1251 3022 1283 3079 et

143 3101 254 3164 amicis
288 3106 509 3184 impertientes
539 3111 572 3167 et
602 3106 649 3167 rei
681 3103 839 3185 publicae,
864 3105 890 3167 si
917 3103 1046 3185 quando
1076 3125 1151 3167 usus
1187 3109 1282 3166 esset.

143 3186 231 3263 Quae
253 3189 393 3268 primum
408 3190 490 3254 bene
512 3198 609 3272 parta
624 3192 667 3254 sit
681 3191 768 3253 nullo
784 3211 888 3271 neque
912 3190 998 3271 turpi
1022 3197 1157 3270 quaestu
1179 3210 1282 3270 neque

105 3290 133 3330 es
143 3273 264 3351 odioso,
287 3280 356 3336 tum
379 3295 474 3356 quam
498 3277 653 3358 plurimis,
677 3277 772 3340 modo
796 3277 909 3358 dignis,
934 3298 968 3339 se
991 3276 1103 3339 utilem
1118 3275 1282 3358 praebeat,

142 3359 259 3423 deinde
283 3367 440 3441 augeatur
461 3364 596 3442 ratione,
625 3362 802 3445 diligentia,
833 3363 1039 3444 parsimonia,
1068 3384 1127 3426 uec
1158 3362 1283 3427 libidini

141 3446 249 3527 potius
280 3447 489 3528 luxuriaeque
513 3470 611 3529 quam
634 3449 825 3513 liberalitati
847 3456 879 3512 et
902 3448 1134 3513 beneficentiae
1157 3455 1282 3531 pareat.

228 3623 252 3674 3.
276 3620 395 3684 idemque
413 3620 573 3687 BH¹ch;
593 3622 703 3686 itemque
720 3622 772 3689 11²,
793 3640 816 3689 a,
836 3585 898 3675 edd.
918 3653 951 3660 -
972 3625 1012 3675 13.
1028 3622 1174 3685 chrenotos
1192 3602 1281 3698 13ch

141 3712 285 3770 ecfrenatos
303 3707 343 3773 H,
368 3706 444 3773 edd.;
464 3712 605 3770 effrenatos
623 3709 649 3762 b.
669 3739 702 3746 -
722 3713 762 3762 19.
781 3726 844 3760 nece
862 3709 976 3776 Nonius,
997 3707 1067 3775 edd,
1087 3725 1132 3759 uec
1151 3708 1229 3762 codd.
1251 3739 1280 3749 -

141 3795 183 3846 34.
203 3802 287 3858 parta
310 3793 354 3861 13¹,
380 3793 454 3860 edd.;
476 3802 577 3858 parata
600 3794 754 3848 B²HbLa
789 3825 823 3833 —
850 3798 891 3849 36.
910 3793 1005 3847 deinde
1023 3802 1151 3860 augeatur
1170 3798 1288 3849 ratione,

141 3879 288 3946 diligentia,
303 3880 591 3951 parsimoniaUngero
611 3885 727 3936 auctore
744 3881 811 3936 edd.
826 3887 1025 3950 transponunt
1036 3879 1214 3945 pastenacas
1226 3875 1319 3919 mats.
1353 3947 1356 3951 .
