2820 4178
432 177 500 230 me.
520 178 567 230 m.
605 176 681 230 car.
701 178 812 229 21-23.
850 177 995 247 §ar-eo.
1218 183 1277 242 103

136 353 242 435 igitur.
275 352 445 435 Quousque
469 351 634 416 audebunt
657 351 765 415 dicere
789 351 960 433 quicquam
983 351 1072 429 utile,
1105 352 1192 434 quod
1214 373 1279 417 non

135 439 329 504 honestum?
352 441 464 504 Potest
484 445 592 503 autem
603 437 659 502 ulli
672 437 816 519 imperi0,
842 438 928 518 quod
940 438 1043 521 gloria
1056 438 1152 502 debet
1164 438 1279 503 fultum
1290 455 1324 508 88

137 548 207 591 esse
239 531 272 591 et
300 526 517 592 benivolentia
541 526 709 604 sociorum,
740 525 819 588 utile
844 546 913 589 esse
937 525 1044 589 odium
1069 532 1101 589 et
1123 525 1279 589 infamia?

137 612 204 695 Ego
229 614 327 677 etiam
351 635 423 677 cum
437 613 558 676 Catone
581 632 653 676 meo
678 631 774 692 saepe
799 612 944 675 dissensi.
967 612 1069 674 Nimis
1092 611 1171 675 mihi
1185 633 1279 694 prae-

113 700 239 764 sfracte
250 700 421 764 videbatur
434 699 595 762 aerarium
608 698 842 779 vectigaliaque
855 698 1038 776 defendere,
1057 698 1163 761 omnia
1174 697 1280 780 publi-

138 787 225 850 canis
241 807 370 867 negare,
387 786 489 849 multa
505 784 609 861 sociis,
631 806 702 847 cum
717 785 751 846 in
766 784 825 848 hos
841 783 976 848 benefici
993 804 1062 848 esse
1079 784 1279 864 deberemus

137 873 295 936 cumillis
319 872 364 935 sic
388 893 494 953 agere,
528 876 564 934 ut
587 891 659 933 cum
683 870 804 935 colonis
827 871 945 934 nostris
969 870 1153 949 soleremus,
1178 886 1280 953 eoque

136 956 248 1039 magis,
273 960 359 1039 quod
381 958 438 1021 illa
462 956 609 1020 ordinum
632 957 813 1020 coniunctio
837 958 878 1021 ad
903 957 1039 1021 salutem
1062 958 1109 1020 rei
1132 958 1281 1039 publicae

136 1045 331 1127 pertinebat.
365 1043 450 1107 Male
475 1046 574 1108 etiam
597 1040 703 1122 Curi0,
728 1065 801 1107 oum
825 1065 954 1107 causam
977 1045 1280 1125 Transpadanorum

97 1154 126 1192 10
137 1151 273 1212 aequam
298 1152 368 1194 esse
392 1130 530 1210 dicebat,
555 1150 682 1211 semper
705 1137 813 1193 autem
837 1130 991 1194 addebat:
1015 1124 1180 1194 ‘Vincat
1202 1132 1279 1195 uti-

136 1217 268 1281 litas!7
291 1217 402 1281 Potius
426 1218 559 1281 doceret
581 1237 645 1279 non
669 1238 738 1280 esse
755 1238 900 1298 aequam,
926 1218 1001 1299 quia
1016 1238 1080 1280 non
1097 1223 1182 1282 esset
1192 1217 1280 1281 utilis

136 1303 185 1367 rei
214 1304 374 1386 publicae,
399 1325 504 1385 quam,
529 1304 615 1384 quod
627 1303 705 1366 utile
729 1324 798 1367 esse
823 1304 954 1382 diceret,
978 1325 1042 1366 non
1059 1324 1128 1368 esse
1141 1325 1281 1386 aequum

137 1390 304 1454 fateretur.

223 1478 341 1541 Plenus
365 1482 415 1540 est
441 1482 550 1540 sextus
573 1476 655 1541 liber
679 1478 718 1540 de
731 1475 844 1540 officiis
857 1477 1031 1540 Hecatonis
1054 1478 1168 1541 talium
1181 1461 1326 1585 quae-{3

99 1584 126 1624 15
137 1564 293 1627 stionum:
318 1565 401 1627 sitne
424 1564 501 1628 boni
522 1563 583 1626 viri
604 1563 638 1626 in
654 1563 794 1627 maxima
810 1564 945 1627 caritate
962 1585 1109 1628 annonae
1125 1563 1280 1629 familiam

136 1672 201 1713 non
224 1651 321 1714 alere.
366 1651 404 1712 In
426 1655 596 1730 utramque
620 1654 747 1729 partem
771 1650 923 1731 disputat,
948 1650 1006 1713 sed
1028 1656 1135 1714 tamen
1161 1651 1202 1714 ad
1224 1673 1280 1715 ex-

136 1742 274 1800 tremum
305 1735 455 1815 utilitate,
489 1740 524 1799 ut
546 1740 649 1816 putat,
682 1734 822 1799 officium
845 1737 955 1818 dirigit
977 1737 1078 1818 magis
1102 1759 1198 1818 quam
1220 1737 1279 1801 hu-

26 1892 29 1899 ,
135 1823 302 1886 manitate.
350 1822 491 1901 Quaerit,
523 1823 550 1885 si
580 1822 613 1884 in
642 1822 724 1885 mari
754 1823 879 1887 iactura
909 1823 1058 1887 facienda
1081 1824 1132 1903 sit,
1165 1826 1279 1906 equine

134 1908 271 1990 pretiosi
293 1909 401 1990 potius
423 1909 583 1972 iacturam
605 1908 705 1972 faciat
728 1930 769 1971 an
793 1909 910 1972 aemuli
932 1908 1012 1973 vilis
1057 1909 1118 1973 Hic
1141 1910 1205 1973 alio
1228 1932 1280 1974 res

97 2021 125 2060 ao
135 1995 314 2074 familiaris,
347 1994 411 2058 alio
442 1995 531 2058 ducit
560 1995 753 2059 humanitas.
796 1987 845 2059 ‘Si
873 1995 1018 2059 tabulam
1050 1996 1090 2059 de
1112 1996 1280 2080 naufragio

136 2081 253 2146 stultus
284 2082 468 2164 arripuerit,
500 2081 746 2163 extorquebitne
778 2103 846 2146 eam
880 2083 1017 2164 sapiens,
1049 2083 1076 2145 si
1105 2083 1279 2165 potuerit?’

134 2168 248 2250 Negat,
266 2169 342 2250 quia
357 2169 399 2231 sit
411 2168 571 2232 iniurium.
586 2162 706 2246 ‘quida
723 2169 869 2233 dominus
881 2169 971 2233 navis
984 2169 1140 2251 eripietne
1153 2162 1277 2234 suumd'

132 2249 141 2282 ἰ
146 2255 288 2336 Minime,
320 2277 385 2319 non
415 2255 488 2337 plus
519 2277 614 2336 quam
639 2256 844 2336 navigantem
866 2256 989 2320 inalto
1014 2257 1117 2320 eicere
1142 2256 1279 2320 denari

135 2341 221 2421 velit,
246 2342 322 2422 quia
344 2363 403 2405 sua
427 2343 476 2405 sit.
502 2341 615 2416 Quoad
630 2341 714 2405 enim
731 2348 919 2423 perventum
935 2347 985 2406 est
1000 2363 1048 2422 eo,
1072 2363 1135 2423 quo
1152 2348 1281 2426 sumpta

95 2429 225 2493 sanaris
248 2434 307 2507 est,
330 2450 395 2492 non
418 2428 538 2492 domini
561 2433 611 2491 est
633 2429 733 2506 navis,
758 2429 815 2492 sed
838 2421 1076 2511 navigantium.³
1110 2421 1231 2507 ‘Quidr
1254 2430 1325 2495 si90

134 2536 200 2578 una
222 2513 334 2580 tabula
357 2516 408 2594 sit,
433 2514 496 2578 duo
519 2514 677 2594 naufragi.
711 2515 803 2595 eique
827 2515 999 2598 sapientes,
1024 2515 1126 2579 sibine
1150 2522 1280 2601 uterque

134 2602 250 2682 rapiat,
274 2623 315 2666 an
338 2603 422 2666 alter
445 2601 541 2666 cedat
553 2594 681 2665 alteri?
704 2594 822 2666 ‘Cedat
832 2621 918 2680 vero,
943 2600 1052 2682 sedai,
1077 2603 1165 2666 euius
1178 2604 1279 2684 magis

134 2688 263 2751 intersit
285 2687 335 2751 vel
359 2710 417 2752 sua
438 2687 490 2752 vel
512 2689 560 2751 rei
582 2687 731 2770 publicae
755 2710 853 2752 causa
873 2681 999 2754 virere.>
1021 2682 1129 2768 ‘Quid
1154 2690 1181 2753 si
1199 2690 1280 2754 haec

134 2774 227 2856 paria
254 2773 289 2837 in
319 2767 490 2856 utroque?
535 2767 679 2838 ‘Nullum
710 2775 771 2838 erit
794 2780 967 2858 certamen,
998 2776 1056 2841 sed
1079 2776 1170 2857 quasi
1193 2782 1279 2841 sorte

95 2866 191 2926 aoaut
213 2861 363 2925 micando
386 2863 489 2925 victus
513 2861 609 2925 alteri
633 2862 726 2926 cedet
748 2855 849 2927 alter.³
894 2855 1015 2938 ‘Quidr
1039 2864 1065 2926 si
1088 2868 1182 2944 pater
1204 2863 1281 2928 fana

134 2946 262 3028 expilet,
287 2948 452 3012 cuniculos
476 2954 553 3030 agat
565 2948 607 3012 ad
620 2949 791 3026 aerarium,
815 2948 977 3014 indicetne
989 2950 1023 3014 id
1036 2950 1279 3030 magistratibus

132 3025 254 3095 filius?³
298 3025 410 3098 ‘Nefas
440 3035 473 3099 id
504 3034 634 3117 quidem
658 3041 716 3115 est,
745 3036 821 3117 quin
845 3036 941 3099 etiam
966 3036 1119 3100 defendat
1141 3042 1278 3118 patrem,

131 3162 342 3174 ᾖ

219 3206 243 3258 8.
263 3205 334 3270 quod
352 3205 409 3273 Lo,
435 3206 511 3273 edd.;
535 3225 586 3273 quo
604 3208 698 3261 BHb.
719 3238 753 3246 -
773 3211 812 3260 12.
836 3208 907 3272 qaod
932 3208 997 3258 utile
1020 3224 1074 3259 ease
1096 3207 1202 3272 diceret,
1225 3225 1277 3258 aea

131 3308 185 3343 esse
209 3308 321 3356 aequam
344 3290 441 3360 scripsi
448 3311 455 3358 ;
479 3311 537 3343 cum
561 3295 651 3346 utilem
675 3295 751 3362 (utile
768 3295 797 3362 b)
821 3311 874 3344 esse
898 3295 997 3347 diceret
1024 3313 1077 3345 coa
1095 3312 1149 3346 csse
1167 3312 1279 3360 aequam

130 3378 153 3430 B
163 3378 189 3431 H
199 3379 217 3431 b
235 3377 258 3430 L
269 3396 287 3447 p
296 3398 302 3442 ;
322 3395 379 3429 cum
391 3395 444 3428 non
453 3379 544 3430 utilem
553 3379 650 3433 diceret
661 3398 714 3432 csse
723 3398 835 3446 acquam
845 3397 868 3448 o,
881 3381 939 3433 Bt.¹
954 3381 1061 3448 (diceret
1071 3399 1133 3446 esce,
1146 3383 1277 3450 aequam),

129 3465 189 3518 Bt.²
200 3466 317 3533 (diceret,
329 3482 383 3517 esce
392 3468 526 3532 aequam);
547 3485 604 3517 cum
617 3468 707 3518 utilem
720 3486 773 3517 noa
785 3485 838 3519 esee
851 3468 956 3530 diceret,
976 3485 1029 3519 esce
1041 3485 1153 3532 aequam
1162 3469 1277 3522 Faccio-
1362 3524 1366 3529 ,

130 3551 190 3619 lati,
209 3553 257 3606 Ml.
280 3582 310 3592 —
331 3554 372 3612 16.
398 3553 470 3603 alere
498 3551 555 3618 Lc,
581 3553 657 3616 edd.;
682 3554 790 3605 alterB
816 3553 875 3621 (sed
896 3561 935 3605 ter
954 3556 1082 3622 erasum),
1100 3555 1164 3609 Hb.
1183 3585 1215 3595 -
1237 3558 1276 3607 17.

131 3639 225 3705 diripit
243 3638 332 3706 codd,
351 3639 408 3705 Bt.;
428 3638 523 3704 deripit
541 3638 591 3691 Ml.
611 3668 640 3677 -
655 3643 698 3693 21.
713 3641 832 3703 potuerit
849 3640 944 3709 BHb,
965 3641 1040 3703 edd.;
1055 3642 1156 3707 poterit
1173 3642 1229 3695 Lc.
1244 3672 1276 3680 -

131 3727 172 3777 23.
191 3743 270 3789 quam
293 3725 460 3792 aucipastam
477 3725 503 3778 J.
522 3725 559 3777 M.
579 3725 742 3793 Heusinger,
766 3725 842 3793 edd.;
871 3728 992 3792 quamsi
1010 3728 1175 3794 navigantem
1194 3727 1273 3780 codd.

132 3810 282 3877 (navigante
300 3812 337 3878 b).
357 3840 389 3848 -
408 3813 452 3864 24.
470 3819 507 3863 ed
525 3811 579 3878 Lo,
598 3811 712 3875 Nonius,
732 3811 806 3880 edd.;
825 3814 861 3865 sit
879 3814 971 3866 BHb.
990 3845 1023 3853 —
1045 3817 1087 3868 26.
1106 3815 1191 3864 sibiae
1206 3823 1279 3862 ucec-

131 3912 182 3959 quc
198 3896 347 3965 Victorius,
367 3898 446 3963 edd,
466 3898 518 3951 sibi
535 3905 627 3951 nsoter
648 3897 731 3954 codd.
