2820 4178
96 154 100 162 ¹
138 141 179 201 90
593 135 644 188 DE
663 133 815 190 OFFIGHS

223 308 362 372 Maxime
393 314 500 371 autern
531 309 762 389 perturbantur
792 307 897 372 officia
919 309 952 371 in
975 308 1133 382 amicitiis,
1166 309 1285 390 quibus

67 424 71 433 ’
92 412 125 462 43
138 402 170 459 et
191 417 256 459 non
278 395 430 472 tribuere,
454 395 541 475 quod
563 401 650 459 recte
674 394 787 477 possis,
812 400 846 457 et
867 395 1019 473 tribuere,
1045 395 1131 476 quod
1153 416 1216 459 non
1240 396 1285 458 sit

136 502 284 562 aequum,
309 486 422 544 contra
446 479 585 544 officium
608 487 665 545 est.
709 481 772 545 Sed
795 481 888 544 huius
912 482 1039 565 generis
1064 482 1163 546 totius
1186 481 1283 546 breve

137 575 169 633 ct
191 590 256 632 non
280 566 409 631 difficile
432 574 641 650 praeceptum
665 574 722 630 est.
768 567 856 643 Quae
888 569 971 631 enim
1001 569 1150 631 videntur
1179 567 1282 643 utilia,

135 655 283 732 honores,
320 654 459 732 divitiae,
494 655 685 736 voluptates,
721 660 829 718 cetera
860 656 985 734 generis
1016 655 1169 734 eiusdem,
1204 654 1283 718 haec
1307 652 1349 716 ε’

137 741 297 805 amicitiae
321 761 495 821 numquam
518 741 746 823 anteponenda
769 747 851 804 sunt.
887 741 929 804 At
951 761 1055 821 neque
1080 748 1192 805 contra
1215 762 1284 804 rem

137 828 300 909 publicam
334 848 437 908 neque
473 828 656 891 contraius
686 828 856 890 iurandum
880 848 918 890 ac
941 826 1036 890 fidem
1067 828 1162 891 amici
1186 848 1284 891 causa

135 915 301 979 virbonus
324 914 430 990 faciet,
455 935 496 977 ne
513 915 540 977 si
555 915 652 977 iudex
674 914 805 994 quidem
828 915 890 977 erit
906 914 945 977 de
962 915 1031 996 ipso
1049 915 1169 993 amico3
1192 915 1285 995 ponit

64 1078 66 1083 A
111 1002 221 1083 ,enim
244 1021 415 1082 personam
439 1000 542 1078 amici,
568 1021 638 1064 cum
663 1001 767 1063 induit
789 1001 913 1064 iudicis.
937 999 1075 1064 Tantum
1098 1001 1189 1065 dabit
1204 1001 1285 1064 ami·

136 1088 241 1163 citiae,
270 1092 306 1149 ut
328 1108 437 1150 veram
471 1087 566 1150 amici
600 1108 731 1150 causam
766 1107 835 1150 esse
869 1086 970 1166 malit,
993 1093 1030 1150 ut
1053 1089 1194 1152 orandae
1217 1086 1284 1151 litis
1294 1107 1324 1147 ro

113 1212 115 1219 ·
134 1181 270 1255 tempus,
296 1173 403 1254 quoad
425 1193 484 1254 per
500 1174 586 1254 leges
602 1172 709 1251 liceat,
733 1174 963 1237 accommodet.
988 1173 1070 1238 Cum
1085 1195 1160 1237 xero
1177 1175 1283 1238 iurato

90 1271 125 1320 44
136 1261 296 1324 sententia
324 1260 461 1323 dicenda
484 1261 554 1328 erit.
586 1260 767 1324 meminerit
798 1260 892 1322 deum
916 1281 949 1323 se
973 1260 1126 1324 adhibere
1156 1265 1283 1339 testem,

134 1347 168 1409 id
192 1352 250 1422 est,
274 1354 310 1409 ut
333 1367 391 1427 ego
417 1345 565 1424 arbitror,
589 1353 730 1410 mentem
754 1367 853 1424 suam,
879 1367 942 1427 qua
957 1346 1037 1409 nihil
1050 1347 1170 1410 homini
1194 1347 1285 1410 dedit

135 1433 213 1497 <leus
237 1434 305 1514 ipse
330 1434 475 1496 divinius.
498 1434 611 1515 Itaque
635 1431 838 1514 praeclarum
861 1454 881 1496 a
903 1434 1078 1498 maioribus
1101 1434 1284 1515 accepimus

134 1540 256 1582 morem
280 1520 417 1601 rogandi
442 1519 564 1598 udicis,
579 1520 615 1583 -si
639 1541 712 1583 eum
734 1526 927 1598 teneremus
953 1537 1042 1595 Qi'nn
1073 1538 1180 1583 saliva
1204 1539 1283 1582 amn
1295 1539 1323 1579 15

133 1623 264 1669 racana
288 1541 526 1709 Possieraec
549 1607 675 1688 rogatio
700 1605 741 1668 ad
757 1627 796 1669 ea
811 1607 966 1688 pertinet,
987 1628 1069 1687 quae
1092 1608 1190 1688 paulo
1207 1612 1282 1670 ante

135 1693 199 1756 dixi
234 1693 368 1757 honeste
404 1694 507 1757 amico
532 1717 551 1757 a
573 1694 678 1757 iudice
712 1713 808 1774 posse
844 1694 993 1773 concedi3
1027 1715 1101 1757 nam
1126 1694 1152 1757 si
1176 1694 1284 1757 omnia

134 1780 283 1843 facienda
295 1782 369 1857 sint,
393 1781 585 1861 quaeamici
607 1780 715 1858 velint,
738 1801 803 1843 non
826 1780 986 1843 amicitiae
1010 1781 1102 1858 talen,
1126 1781 1183 1844 sed
1207 1802 1282 1844 oon-

133 1867 309 1930 iurationes
355 1867 518 1949 putandae
565 1868 637 1929 sint.
683 1866 812 1947 Loquor
847 1873 955 1930 autem
986 1867 1026 1930 de
1061 1867 1283 1931 communibus

89 1962 123 2012 45
134 1954 300 2031 amicitiis,
334 1953 464 2017 namin
489 1953 687 2034 sapientibus
715 1952 791 2015 viris
822 1953 1037 2035 perfectisque
1067 1953 1147 2015 nihil
1174 1958 1283 2035 potest
1293 1971 1323 2012 ro

134 2060 204 2103 esse
238 2040 312 2103 tale.
357 2033 537 2103 Damdnem
570 2045 602 2102 et
631 2038 793 2101 Phintiam
826 2038 1045 2120 Pythagoreos
1080 2039 1187 2101 ferunt
1220 2040 1283 2103 hoc

133 2127 240 2189 animo
261 2127 345 2188 inter
369 2146 402 2188 se
426 2124 533 2229 fuisse,
557 2131 602 2202 ut,
628 2146 699 2187 cum
723 2145 834 2187 eorum
862 2123 956 2187 alteri
978 2125 1150 2206 Dionysius
1172 2132 1282 2206 tyran-

132 2233 193 2274 nus
217 2212 302 2275 diem
324 2213 412 2275 necis
436 2211 662 2276 destinavisset
685 2215 718 2272 et
739 2211 777 2288 is,
801 2209 856 2291 qui
878 2209 974 2274 morti
1006 2209 1154 2273 addictus
1185 2216 1280 2289 esset,

133 2319 253 2379 paucos
277 2298 337 2362 sibi
354 2297 422 2362 dies
444 2297 770 2363 commendandorum
786 2317 915 2360 suorum
932 2317 1029 2360 causa
1044 2296 1280 2378 postulavisset,

133 2405 189 2448 vas
223 2384 327 2448 factus
351 2386 393 2448 sit
416 2385 500 2449 alter
522 2385 589 2447 eius
624 2383 767 2462 sistendi,
791 2389 837 2459 ut,
861 2384 888 2446 si
910 2383 963 2446 ille
987 2404 1051 2446 non
1085 2385 1321 2463 remanserat

132 2472 334 2535 moriendum
365 2479 450 2536 esset
472 2472 542 2553 ipsi.
589 2470 649 2546 Qui
673 2492 745 2534 curn
768 2470 810 2533 ad
834 2470 919 2533 diem
942 2491 976 2533 se
1007 2471 1192 2551 recepisset,
1224 2470 1281 2534 ad-

133 2559 269 2621 miratus
301 2578 410 2621 eorum
442 2558 538 2622 fidem
568 2563 722 2641 tyrannus
756 2557 879 2638 petivit,
910 2562 946 2619 ut
974 2577 1008 2620 se
1032 2556 1074 2620 ad
1106 2558 1282 2621 amicitiam

132 2645 264 2707 tertium
301 2645 508 2709 ascriberent.
554 2643 631 2708 Cum
667 2644 765 2726 igitur
788 2643 832 2723 id,
888 2643 953 2706 uod
986 2644 1066 2706 utile
1099 2644 1226 2708 videtur
1248 2644 1282 2707 in

89 2739 123 2791 46
133 2731 284 2801 amicitia,
308 2752 381 2794 cum
396 2752 445 2811 eo,
469 2731 556 2813 quod
578 2731 748 2795 honestum
772 2735 830 2809 est,
855 2664 1069 2812 cbmparatur,
1092 2733 1198 2796 iaceat
1218 2731 1281 2794 uti-

133 2815 234 2880 litatis
258 2817 393 2898 species,
419 2817 526 2882 valeat
547 2816 717 2897 honestas3
740 2838 812 2881 cum
835 2822 944 2880 autem
967 2817 999 2878 in
1022 2817 1173 2895 amicitia,
1197 2833 1321 2898 quaero.

132 2902 268 2967 honesta
290 2924 354 2966 non
377 2911 460 2979 sunt,
483 2902 741 2986 postulabuntur,
765 2903 877 2985 religio
902 2909 934 2965 et
956 2901 1036 2966 fides
1065 2909 1282 2986 anteponatur

134 2989 304 3053 amicitiae.
337 2989 389 3053 Sic
411 2990 584 3054 habebitur
606 2991 642 3069 is,
667 3012 762 3072 quem
785 2990 991 3071 exquirimus,
1014 2989 1151 3054 dilectus
1174 2989 1307 3077 officiis

221 3076 284 3141 Sed
314 3077 465 3141 utilitatis
499 3077 605 3158 specie
628 3077 661 3139 in
684 3098 718 3140 re
742 3076 872 3158 publica
902 3076 1088 3157 saepissime
1117 3081 1279 3158 peccatur,

88 3171 121 3227 11
133 3169 169 3226 ut
191 3164 223 3226 in
249 3161 393 3227 Corinthi
418 3163 653 3227 disturbatione
674 3163 786 3242 nostri,
810 3163 920 3226 durius
944 3162 1042 3226 etiam
1056 3163 1279 3242 Athenienses
1334 3178 1336 3183 '

134 3248 188 3330 qui
204 3251 375 3325 sciverunt,
392 3257 427 3314 ut
442 3250 617 3332 Aeginetis,
642 3251 696 3331 qui
719 3250 821 3314 classe
845 3248 1005 3328 valebant,
1028 3229 1162 3332 pollices
1184 3267 1320 3332 prae-³5

134 3336 325 3399 ciderentur.
350 3336 419 3401 Hoc
442 3337 543 3400 visum
560 3342 609 3400 est
624 3336 721 3413 utile3
745 3337 839 3400 nimis
855 3337 939 3398 enim
955 3336 1133 3400 inminebat
1147 3343 1281 3419 propter

133 3422 409 3503 propinquitatem
424 3423 549 3506 Aegina
563 3422 688 3487 Piraeo.
714 3421 778 3485 Sed
799 3421 889 3500 nihil,
913 3423 1000 3504 quod
1021 3420 1160 3500 crudele,
1183 3423 1280 3502 utile3

222 3598 262 3647 12.
283 3596 332 3646 erit
351 3595 380 3648 O.
399 3595 430 3648 F.
450 3595 493 3648 W.
513 3594 640 3662 Mueller,
659 3595 731 3661 Bt.²;
750 3596 784 3646 rit
803 3595 890 3661 codd.;
910 3602 947 3646 eat
964 3594 1054 3661 Lund,
1073 3595 1130 3647 Bt.¹
1150 3626 1183 3633 -
1202 3595 1280 3646 adhi-

133 3683 191 3733 bere
203 3681 267 3748 BH,
280 3682 340 3749 Bc,
361 3681 435 3748 Ml.¹;
455 3682 550 3732 babere
565 3682 614 3748 bc,
627 3668 800 3748 Lactantius,
813 3681 875 3733 ΜΝ
885 3711 919 3720 -
929 3684 971 3745 24.
981 3681 1064 3733 ribiB
1079 3684 1161 3747 (teste
1170 3681 1281 3751 Popp.),

131 3768 158 3819 H
168 3769 194 3832 b,
217 3767 280 3834 Ml.;
306 3785 360 3821 om.
378 3769 436 3834 Bt.;
456 3785 510 3820 erra
523 3785 626 3833 paucos
644 3769 702 3819 dies
720 3786 801 3819 cauca
821 3767 1084 3819 conrnrendnndorum
1102 3785 1210 3819 suorum
1227 3769 1282 3819 rili

102 3853 309 3903 poarulaeeterer
323 3870 346 3904 o.
358 3883 393 3892 -
402 3857 446 3907 25.
466 3855 503 3906 rit
517 3854 672 3920 Manutius,
693 3854 771 3922 edd.;
784 3862 826 3910 ,ert
837 3853 926 3921 codd,
945 3851 1059 3907 Nonius.
1070 3885 1102 3892 -
1113 3857 1155 3908 32.
1168 3855 1281 3906 dilectus
