<?xml version="1.0" encoding="UTF-8"?>
<!DOCTYPE html PUBLIC "-//W3C//DTD XHTML 1.0 Transitional//EN"
    "http://www.w3.org/TR/xhtml1/DTD/xhtml1-transitional.dtd">
<html xmlns="http://www.w3.org/1999/xhtml" xml:lang="en" lang="en">
 <head>
  <title>
</title>
<meta http-equiv="Content-Type" content="text/html;charset=utf-8" />
  <meta name='ocr-system' content='tesseract 3.04.00' />
  <meta name='ocr-capabilities' content='ocr_page ocr_carea ocr_par ocr_line ocrx_word'/>
</head>
<body>
  <div class='ocr_page' id='page_1' title='image "./deofficiislibri02cicegoog_0041.png"; bbox 0 0 2820 4178; ppageno 0'>
   <div class='ocr_carea' id='block_1_1' title="bbox 146 170 826 235">
    <p class='ocr_par' dir='ltr' id='par_1_1' title="bbox 146 170 826 235">
     <span class='ocr_line' id='line_1_1' title="bbox 146 170 826 235; baseline -0.001 -11"><span class='ocrx_word' id='word_1_1' title='bbox 146 175 185 235; x_wconf 77' lang='lat'>28</span> <span class='ocrx_word' id='word_1_2' title='bbox 603 171 653 222; x_wconf 85' lang='lat' dir='ltr'>DE</span> <span class='ocrx_word' id='word_1_3' title='bbox 673 170 826 224; x_wconf 80' lang='lat' dir='ltr'>OFFICIIS</span> 
     </span>
    </p>
   </div>
   <div class='ocr_carea' id='block_1_2' title="bbox 54 344 1320 3714">
    <p class='ocr_par' dir='ltr' id='par_1_2' title="bbox 54 344 1284 580">
     <span class='ocr_line' id='line_1_2' title="bbox 54 344 1284 426; baseline 0 -18"><span class='ocrx_word' id='word_1_4' title='bbox 54 417 56 420; x_wconf 9' lang='lat' dir='ltr'>y</span> <span class='ocrx_word' id='word_1_5' title='bbox 144 345 231 408; x_wconf 88' lang='lat' dir='ltr'>llaec</span> <span class='ocrx_word' id='word_1_6' title='bbox 261 346 461 425; x_wconf 86' lang='lat' dir='ltr'>praescripta</span> <span class='ocrx_word' id='word_1_7' title='bbox 499 344 679 408; x_wconf 73' lang='lat' dir='ltr'>servantem</span> <span class='ocrx_word' id='word_1_8' title='bbox 709 345 785 408; x_wconf 91' lang='lat' dir='ltr'>licet</span> <span class='ocrx_word' id='word_1_9' title='bbox 823 344 1001 426; x_wconf 82' lang='lat' dir='ltr'>magnifice,</span> <span class='ocrx_word' id='word_1_10' title='bbox 1039 345 1179 426; x_wconf 72' lang='lat' dir='ltr'>graviter</span> <span class='ocrx_word' id='word_1_11' title='bbox 1217 344 1284 408; x_wconf 82' lang='lat' dir='ltr'>ani·</span> 
     </span>
     <span class='ocr_line' id='line_1_3' title="bbox 143 430 1284 513; baseline -0.001 -19"><span class='ocrx_word' id='word_1_12' title='bbox 143 451 294 512; x_wconf 89' lang='lat' dir='ltr'>moseque</span> <span class='ocrx_word' id='word_1_13' title='bbox 318 432 425 494; x_wconf 80' lang='lat' dir='ltr'>uivere</span> <span class='ocrx_word' id='word_1_14' title='bbox 446 437 543 512; x_wconf 87' lang='lat' dir='ltr'>atque</span> <span class='ocrx_word' id='word_1_15' title='bbox 568 432 665 494; x_wconf 89' lang='lat' dir='ltr'>etiam</span> <span class='ocrx_word' id='word_1_16' title='bbox 690 431 888 513; x_wconf 86' lang='lat' dir='ltr'>simpliciter,</span> <span class='ocrx_word' id='word_1_17' title='bbox 912 430 1059 510; x_wconf 91' lang='lat' dir='ltr'>fideliter,</span> <span class='ocrx_word' id='word_1_18' title='bbox 1085 452 1158 502; x_wconf 86' lang='lat' dir='ltr'>vere</span> <span class='ocrx_word' id='word_1_19' title='bbox 1181 432 1284 495; x_wconf 90' lang='lat' dir='ltr'>homi-</span> 
     </span>
     <span class='ocr_line' id='line_1_4' title="bbox 142 538 352 580; baseline -0.005 -1"><span class='ocrx_word' id='word_1_20' title='bbox 142 539 218 580; x_wconf 90' lang='lat' dir='ltr'>num</span> <span class='ocrx_word' id='word_1_21' title='bbox 242 538 352 579; x_wconf 85' lang='lat' dir='ltr'>amice.</span> 
     </span>
    </p>

    <p class='ocr_par' dir='ltr' id='par_1_3' title="bbox 54 586 1320 1036">
     <span class='ocr_line' id='line_1_5' title="bbox 54 586 1283 709; baseline 0.001 -43"><span class='ocrx_word' id='word_1_22' title='bbox 54 684 58 689; x_wconf 31' lang='grc'>,</span> <span class='ocrx_word' id='word_1_23' title='bbox 96 586 132 709; x_wconf 52' lang='grc' dir='ltr'>ἔξ</span> <span class='ocrx_word' id='word_1_24' title='bbox 231 603 391 683; x_wconf 76' lang='lat' dir='ltr'>Sequitur,</span> <span class='ocrx_word' id='word_1_25' title='bbox 415 609 451 666; x_wconf 92' lang='lat' dir='ltr'>ut</span> <span class='ocrx_word' id='word_1_26' title='bbox 475 604 514 667; x_wconf 93' lang='lat' dir='ltr'>de</span> <span class='ocrx_word' id='word_1_27' title='bbox 537 625 601 667; x_wconf 91' lang='lat' dir='ltr'>una</span> <span class='ocrx_word' id='word_1_28' title='bbox 631 605 756 685; x_wconf 86' lang='lat' dir='ltr'>reliqua</span> <span class='ocrx_word' id='word_1_29' title='bbox 786 610 879 684; x_wconf 88' lang='lat' dir='ltr'>parte</span> <span class='ocrx_word' id='word_1_30' title='bbox 909 603 1088 668; x_wconf 79' lang='lat' dir='ltr'>honestatis</span> <span class='ocrx_word' id='word_1_31' title='bbox 1112 604 1283 669; x_wconf 89' lang='lat' dir='ltr'>dicendum</span> 
     </span>
     <span class='ocr_line' id='line_1_6' title="bbox 142 691 1320 771; baseline 0.003 -19"><span class='ocrx_word' id='word_1_32' title='bbox 142 691 192 767; x_wconf 87' lang='lat' dir='ltr'>sit,</span> <span class='ocrx_word' id='word_1_33' title='bbox 217 691 248 751; x_wconf 89' lang='lat' dir='ltr'>in</span> <span class='ocrx_word' id='word_1_34' title='bbox 272 710 336 768; x_wconf 91' lang='lat' dir='ltr'>qua</span> <span class='ocrx_word' id='word_1_35' title='bbox 358 691 552 753; x_wconf 84' lang='lat' dir='ltr'>verecundia</span> <span class='ocrx_word' id='word_1_36' title='bbox 583 696 615 754; x_wconf 89' lang='lat' dir='ltr'>et</span> <span class='ocrx_word' id='word_1_37' title='bbox 642 692 734 771; x_wconf 89' lang='lat' dir='ltr'>qnasi</span> <span class='ocrx_word' id='word_1_38' title='bbox 766 691 895 771; x_wconf 87' lang='lat' dir='ltr'>quidam</span> <span class='ocrx_word' id='word_1_39' title='bbox 928 697 1059 753; x_wconf 89' lang='lat' dir='ltr'>ornatus</span> <span class='ocrx_word' id='word_1_40' title='bbox 1081 692 1176 770; x_wconf 86' lang='lat' dir='ltr'>vitae,</span> <span class='ocrx_word' id='word_1_41' title='bbox 1202 696 1281 754; x_wconf 88' lang='lat' dir='ltr'>tem·</span> <span class='ocrx_word' id='word_1_42' title='bbox 1306 715 1320 755; x_wconf 84' lang='grc'>1</span> 
     </span>
     <span class='ocr_line' id='line_1_7' title="bbox 142 776 1282 858; baseline 0.002 -20"><span class='ocrx_word' id='word_1_43' title='bbox 142 778 289 857; x_wconf 74' lang='lat' dir='ltr'>perantia</span> <span class='ocrx_word' id='word_1_44' title='bbox 313 783 345 838; x_wconf 91' lang='lat' dir='ltr'>et</span> <span class='ocrx_word' id='word_1_45' title='bbox 367 776 527 840; x_wconf 89' lang='lat' dir='ltr'>modestia</span> <span class='ocrx_word' id='word_1_46' title='bbox 551 778 717 858; x_wconf 89' lang='lat' dir='ltr'>omnisque</span> <span class='ocrx_word' id='word_1_47' title='bbox 735 778 859 840; x_wconf 89' lang='lat' dir='ltr'>sedatio</span> <span class='ocrx_word' id='word_1_48' title='bbox 879 777 1159 858; x_wconf 80' lang='lat' dir='ltr'>perturbationum</span> <span class='ocrx_word' id='word_1_49' title='bbox 1183 779 1282 841; x_wconf 90' lang='lat' dir='ltr'>animi</span> 
     </span>
     <span class='ocr_line' id='line_1_8' title="bbox 142 863 1282 945; baseline 0.001 -20"><span class='ocrx_word' id='word_1_50' title='bbox 142 870 174 925; x_wconf 88' lang='lat' dir='ltr'>et</span> <span class='ocrx_word' id='word_1_51' title='bbox 196 884 303 925; x_wconf 84' lang='lat' dir='ltr'>rerum</span> <span class='ocrx_word' id='word_1_52' title='bbox 326 863 439 925; x_wconf 89' lang='lat' dir='ltr'>modus</span> <span class='ocrx_word' id='word_1_53' title='bbox 464 864 613 926; x_wconf 90' lang='lat' dir='ltr'>cernitur.</span> <span class='ocrx_word' id='word_1_54' title='bbox 648 864 718 926; x_wconf 94' lang='lat' dir='ltr'>Hoc</span> <span class='ocrx_word' id='word_1_55' title='bbox 741 865 811 926; x_wconf 92' lang='lat' dir='ltr'>loeo</span> <span class='ocrx_word' id='word_1_56' title='bbox 836 865 1018 927; x_wconf 83' lang='lat' dir='ltr'>continetur</span> <span class='ocrx_word' id='word_1_57' title='bbox 1039 863 1083 941; x_wconf 87' lang='lat' dir='ltr'>id,</span> <span class='ocrx_word' id='word_1_58' title='bbox 1109 864 1194 945; x_wconf 94' lang='lat' dir='ltr'>quod</span> <span class='ocrx_word' id='word_1_59' title='bbox 1218 864 1282 926; x_wconf 92' lang='lat' dir='ltr'>diei</span> 
     </span>
     <span class='ocr_line' id='line_1_9' title="bbox 143 948 1280 1036; baseline 0.002 -25"><span class='ocrx_word' id='word_1_60' title='bbox 143 949 254 1012; x_wconf 86' lang='lat' dir='ltr'>Latine</span> <span class='ocrx_word' id='word_1_61' title='bbox 279 949 473 1011; x_wconf 87' lang='lat' dir='ltr'>decorum</span> <span class='ocrx_word' id='word_1_62' title='bbox 495 955 619 1030; x_wconf 73' lang='lat' dir='ltr'>potest,</span> <span class='ocrx_word' id='word_1_63' title='bbox 643 950 765 1013; x_wconf 86' lang='lat' dir='ltr'>Graece</span> <span class='ocrx_word' id='word_1_64' title='bbox 782 951 867 1012; x_wconf 91' lang='lat' dir='ltr'>enim</span> <span class='ocrx_word' id='word_1_65' title='bbox 882 948 1008 1036; x_wconf 71' lang='grc' dir='ltr'><em>πρέπον</em></span> <span class='ocrx_word' id='word_1_66' title='bbox 1029 950 1154 1013; x_wconf 89' lang='lat' dir='ltr'>dicitur.</span> <span class='ocrx_word' id='word_1_67' title='bbox 1178 950 1280 1013; x_wconf 90' lang='lat' dir='ltr'>Huius</span> 
     </span>
    </p>

    <p class='ocr_par' dir='ltr' id='par_1_4' title="bbox 96 1036 1317 2240">
     <span class='ocr_line' id='line_1_10' title="bbox 96 1036 1280 1117; baseline 0.001 -19"><span class='ocrx_word' id='word_1_68' title='bbox 96 1048 131 1098; x_wconf 83' lang='grc'>94</span> <span class='ocrx_word' id='word_1_69' title='bbox 141 1037 186 1098; x_wconf 90' lang='lat' dir='ltr'>vis</span> <span class='ocrx_word' id='word_1_70' title='bbox 211 1058 249 1098; x_wconf 88' lang='lat' dir='ltr'>ea</span> <span class='ocrx_word' id='word_1_71' title='bbox 272 1041 330 1113; x_wconf 90' lang='lat' dir='ltr'>est,</span> <span class='ocrx_word' id='word_1_72' title='bbox 354 1041 390 1098; x_wconf 91' lang='lat' dir='ltr'>ut</span> <span class='ocrx_word' id='word_1_73' title='bbox 414 1036 453 1099; x_wconf 89' lang='lat' dir='ltr'>ab</span> <span class='ocrx_word' id='word_1_74' title='bbox 477 1036 611 1100; x_wconf 86' lang='lat' dir='ltr'>honesto</span> <span class='ocrx_word' id='word_1_75' title='bbox 636 1058 698 1098; x_wconf 94' lang='lat' dir='ltr'>non</span> <span class='ocrx_word' id='word_1_76' title='bbox 723 1041 821 1117; x_wconf 82' lang='lat' dir='ltr'>queat</span> <span class='ocrx_word' id='word_1_77' title='bbox 845 1038 1005 1116; x_wconf 82' lang='lat' dir='ltr'>separari3</span> <span class='ocrx_word' id='word_1_78' title='bbox 1029 1057 1104 1099; x_wconf 90' lang='lat' dir='ltr'>nam</span> <span class='ocrx_word' id='word_1_79' title='bbox 1127 1042 1169 1114; x_wconf 87' lang='lat' dir='ltr'>et,</span> <span class='ocrx_word' id='word_1_80' title='bbox 1193 1037 1280 1116; x_wconf 90' lang='lat' dir='ltr'>quod</span> 
     </span>
     <span class='ocr_line' id='line_1_11' title="bbox 140 1121 1317 1204; baseline -0.001 -18"><span class='ocrx_word' id='word_1_81' title='bbox 140 1124 242 1198; x_wconf 90' lang='lat' dir='ltr'>decet,</span> <span class='ocrx_word' id='word_1_82' title='bbox 275 1121 443 1184; x_wconf 91' lang='lat' dir='ltr'>honestum</span> <span class='ocrx_word' id='word_1_83' title='bbox 475 1129 524 1186; x_wconf 91' lang='lat' dir='ltr'>est</span> <span class='ocrx_word' id='word_1_84' title='bbox 555 1128 595 1200; x_wconf 91' lang='lat' dir='ltr'>et,</span> <span class='ocrx_word' id='word_1_85' title='bbox 621 1122 716 1204; x_wconf 66' lang='grc'>(111111,</span> <span class='ocrx_word' id='word_1_86' title='bbox 738 1123 907 1185; x_wconf 90' lang='lat' dir='ltr'>honestum</span> <span class='ocrx_word' id='word_1_87' title='bbox 939 1130 996 1200; x_wconf 91' lang='lat' dir='ltr'>est,</span> <span class='ocrx_word' id='word_1_88' title='bbox 1021 1123 1123 1186; x_wconf 91' lang='lat' dir='ltr'>decet.</span> <span class='ocrx_word' id='word_1_89' title='bbox 1170 1122 1279 1199; x_wconf 77' lang='lat' dir='ltr'>Qualis</span> <span class='ocrx_word' id='word_1_90' title='bbox 1290 1148 1317 1185; x_wconf 88' lang='lat'>10</span> 
     </span>
     <span class='ocr_line' id='line_1_12' title="bbox 140 1207 1279 1291; baseline 0.001 -19"><span class='ocrx_word' id='word_1_91' title='bbox 140 1214 248 1272; x_wconf 90' lang='lat' dir='ltr'>autem</span> <span class='ocrx_word' id='word_1_92' title='bbox 271 1207 453 1272; x_wconf 83' lang='lat' dir='ltr'>differentia</span> <span class='ocrx_word' id='word_1_93' title='bbox 477 1211 518 1272; x_wconf 91' lang='lat' dir='ltr'>sit</span> <span class='ocrx_word' id='word_1_94' title='bbox 533 1209 660 1272; x_wconf 86' lang='lat' dir='ltr'>honesti</span> <span class='ocrx_word' id='word_1_95' title='bbox 676 1213 709 1272; x_wconf 89' lang='lat' dir='ltr'>et</span> <span class='ocrx_word' id='word_1_96' title='bbox 726 1209 993 1286; x_wconf 70' lang='grc'>(111111111111111</span> <span class='ocrx_word' id='word_1_97' title='bbox 1016 1209 1162 1291; x_wconf 84' lang='lat' dir='ltr'>intellegi</span> <span class='ocrx_word' id='word_1_98' title='bbox 1182 1231 1279 1291; x_wconf 89' lang='lat' dir='ltr'>quam</span> 
     </span>
     <span class='ocr_line' id='line_1_13' title="bbox 140 1294 1279 1376; baseline -0.001 -17"><span class='ocrx_word' id='word_1_99' title='bbox 140 1295 306 1376; x_wconf 88' lang='lat' dir='ltr'>explanari</span> <span class='ocrx_word' id='word_1_100' title='bbox 328 1301 444 1375; x_wconf 91' lang='lat' dir='ltr'>potest.</span> <span class='ocrx_word' id='word_1_101' title='bbox 492 1295 653 1375; x_wconf 81' lang='lat' dir='ltr'>Quidquid</span> <span class='ocrx_word' id='word_1_102' title='bbox 678 1300 727 1358; x_wconf 89' lang='lat' dir='ltr'>est</span> <span class='ocrx_word' id='word_1_103' title='bbox 751 1294 844 1372; x_wconf 87' lang='lat' dir='ltr'>enim,</span> <span class='ocrx_word' id='word_1_104' title='bbox 876 1295 963 1374; x_wconf 91' lang='lat' dir='ltr'>quod</span> <span class='ocrx_word' id='word_1_105' title='bbox 994 1294 1117 1373; x_wconf 89' lang='lat' dir='ltr'>deceat,</span> <span class='ocrx_word' id='word_1_106' title='bbox 1153 1296 1187 1358; x_wconf 91' lang='lat' dir='ltr'>id</span> <span class='ocrx_word' id='word_1_107' title='bbox 1210 1301 1279 1358; x_wconf 93' lang='lat' dir='ltr'>tum</span> 
     </span>
     <span class='ocr_line' id='line_1_14' title="bbox 139 1381 1278 1466; baseline 0 -22"><span class='ocrx_word' id='word_1_108' title='bbox 139 1387 283 1463; x_wconf 87' lang='lat' dir='ltr'>apparet,</span> <span class='ocrx_word' id='word_1_109' title='bbox 308 1402 379 1443; x_wconf 89' lang='lat' dir='ltr'>eum</span> <span class='ocrx_word' id='word_1_110' title='bbox 403 1389 591 1463; x_wconf 84' lang='lat' dir='ltr'>antegressa</span> <span class='ocrx_word' id='word_1_111' title='bbox 616 1387 664 1445; x_wconf 90' lang='lat' dir='ltr'>est</span> <span class='ocrx_word' id='word_1_112' title='bbox 687 1382 849 1466; x_wconf 83' lang='lat' dir='ltr'>honestas.</span> <span class='ocrx_word' id='word_1_113' title='bbox 894 1382 1008 1462; x_wconf 89' lang='lat' dir='ltr'>ltaque</span> <span class='ocrx_word' id='word_1_114' title='bbox 1030 1402 1095 1444; x_wconf 91' lang='lat' dir='ltr'>non</span> <span class='ocrx_word' id='word_1_115' title='bbox 1118 1381 1221 1444; x_wconf 88' lang='lat' dir='ltr'>solum</span> <span class='ocrx_word' id='word_1_116' title='bbox 1244 1383 1278 1444; x_wconf 93' lang='lat' dir='ltr'>in</span> 
     </span>
     <span class='ocr_line' id='line_1_15' title="bbox 137 1467 1277 1549; baseline 0 -18"><span class='ocrx_word' id='word_1_117' title='bbox 137 1468 198 1531; x_wconf 91' lang='lat' dir='ltr'>hac</span> <span class='ocrx_word' id='word_1_118' title='bbox 221 1474 313 1549; x_wconf 89' lang='lat' dir='ltr'>parte</span> <span class='ocrx_word' id='word_1_119' title='bbox 335 1468 524 1546; x_wconf 84' lang='lat' dir='ltr'>honestatis,</span> <span class='ocrx_word' id='word_1_120' title='bbox 555 1469 593 1530; x_wconf 95' lang='lat' dir='ltr'>de</span> <span class='ocrx_word' id='word_1_121' title='bbox 625 1489 689 1549; x_wconf 92' lang='lat' dir='ltr'>qua</span> <span class='ocrx_word' id='word_1_122' title='bbox 711 1468 772 1531; x_wconf 88' lang='lat' dir='ltr'>hoo</span> <span class='ocrx_word' id='word_1_123' title='bbox 795 1467 866 1530; x_wconf 91' lang='lat' dir='ltr'>loco</span> <span class='ocrx_word' id='word_1_124' title='bbox 891 1468 1113 1531; x_wconf 86' lang='lat' dir='ltr'>disserendum</span> <span class='ocrx_word' id='word_1_125' title='bbox 1138 1474 1196 1546; x_wconf 91' lang='lat' dir='ltr'>est,</span> <span class='ocrx_word' id='word_1_126' title='bbox 1220 1469 1277 1531; x_wconf 90' lang='lat' dir='ltr'>sed</span> 
     </span>
     <span class='ocr_line' id='line_1_16' title="bbox 137 1553 1314 1636; baseline -0.002 -18"><span class='ocrx_word' id='word_1_127' title='bbox 137 1557 236 1618; x_wconf 89' lang='lat' dir='ltr'>etiam</span> <span class='ocrx_word' id='word_1_128' title='bbox 258 1556 290 1616; x_wconf 90' lang='lat' dir='ltr'>in</span> <span class='ocrx_word' id='word_1_129' title='bbox 314 1553 416 1618; x_wconf 83' lang='lat' dir='ltr'>tribus</span> <span class='ocrx_word' id='word_1_130' title='bbox 447 1555 664 1635; x_wconf 87' lang='lat' dir='ltr'>superioribus</span> <span class='ocrx_word' id='word_1_131' title='bbox 696 1554 773 1636; x_wconf 90' lang='lat' dir='ltr'>quid</span> <span class='ocrx_word' id='word_1_132' title='bbox 804 1555 919 1618; x_wconf 87' lang='lat' dir='ltr'>deceat</span> <span class='ocrx_word' id='word_1_133' title='bbox 950 1560 1094 1636; x_wconf 89' lang='lat' dir='ltr'>apparet.</span> <span class='ocrx_word' id='word_1_134' title='bbox 1139 1554 1221 1617; x_wconf 89' lang='lat' dir='ltr'>Nam</span> <span class='ocrx_word' id='word_1_135' title='bbox 1245 1561 1314 1618; x_wconf 77' lang='lat' dir='ltr'>et15</span> 
     </span>
     <span class='ocr_line' id='line_1_17' title="bbox 137 1641 1275 1723; baseline 0 -19"><span class='ocrx_word' id='word_1_136' title='bbox 137 1643 262 1705; x_wconf 90' lang='lat' dir='ltr'>ratione</span> <span class='ocrx_word' id='word_1_137' title='bbox 294 1642 339 1703; x_wconf 90' lang='lat' dir='ltr'>uti</span> <span class='ocrx_word' id='word_1_138' title='bbox 372 1648 469 1723; x_wconf 90' lang='lat' dir='ltr'>atque</span> <span class='ocrx_word' id='word_1_139' title='bbox 501 1641 646 1705; x_wconf 88' lang='lat' dir='ltr'>oratione</span> <span class='ocrx_word' id='word_1_140' title='bbox 681 1641 858 1721; x_wconf 87' lang='lat' dir='ltr'>prudenter</span> <span class='ocrx_word' id='word_1_141' title='bbox 893 1647 926 1704; x_wconf 93' lang='lat' dir='ltr'>et</span> <span class='ocrx_word' id='word_1_142' title='bbox 949 1662 1054 1723; x_wconf 92' lang='lat' dir='ltr'>agere,</span> <span class='ocrx_word' id='word_1_143' title='bbox 1079 1641 1165 1722; x_wconf 90' lang='lat' dir='ltr'>quod</span> <span class='ocrx_word' id='word_1_144' title='bbox 1188 1663 1275 1722; x_wconf 83' lang='lat' dir='ltr'>agas,</span> 
     </span>
     <span class='ocr_line' id='line_1_18' title="bbox 138 1728 1275 1809; baseline 0 -19"><span class='ocrx_word' id='word_1_145' title='bbox 138 1729 339 1791; x_wconf 90' lang='lat' dir='ltr'>considerate</span> <span class='ocrx_word' id='word_1_146' title='bbox 364 1729 513 1809; x_wconf 88' lang='lat' dir='ltr'>omnique</span> <span class='ocrx_word' id='word_1_147' title='bbox 536 1730 568 1790; x_wconf 93' lang='lat' dir='ltr'>in</span> <span class='ocrx_word' id='word_1_148' title='bbox 588 1749 622 1790; x_wconf 85' lang='lat' dir='ltr'>re</span> <span class='ocrx_word' id='word_1_149' title='bbox 639 1729 716 1809; x_wconf 91' lang='lat' dir='ltr'>quid</span> <span class='ocrx_word' id='word_1_150' title='bbox 732 1728 774 1791; x_wconf 88' lang='lat' dir='ltr'>sit</span> <span class='ocrx_word' id='word_1_151' title='bbox 789 1728 855 1791; x_wconf 88' lang='lat' dir='ltr'>veri</span> <span class='ocrx_word' id='word_1_152' title='bbox 878 1729 987 1792; x_wconf 83' lang='lat' dir='ltr'>videre</span> <span class='ocrx_word' id='word_1_153' title='bbox 1010 1735 1043 1791; x_wconf 92' lang='lat' dir='ltr'>et</span> <span class='ocrx_word' id='word_1_154' title='bbox 1065 1729 1149 1791; x_wconf 88' lang='lat' dir='ltr'>tueri</span> <span class='ocrx_word' id='word_1_155' title='bbox 1172 1729 1275 1808; x_wconf 90' lang='lat' dir='ltr'>decet,</span> 
     </span>
     <span class='ocr_line' id='line_1_19' title="bbox 137 1813 1275 1896; baseline 0 -20"><span class='ocrx_word' id='word_1_156' title='bbox 137 1821 312 1895; x_wconf 79' lang='lat' dir='ltr'>contraque</span> <span class='ocrx_word' id='word_1_157' title='bbox 335 1813 412 1893; x_wconf 86' lang='lat' dir='ltr'>falli,</span> <span class='ocrx_word' id='word_1_158' title='bbox 438 1836 555 1893; x_wconf 87' lang='lat' dir='ltr'>errare,</span> <span class='ocrx_word' id='word_1_159' title='bbox 591 1815 666 1893; x_wconf 87' lang='lat' dir='ltr'>labi,</span> <span class='ocrx_word' id='word_1_160' title='bbox 702 1814 807 1896; x_wconf 85' lang='lat' dir='ltr'>decipi</span> <span class='ocrx_word' id='word_1_161' title='bbox 830 1820 897 1878; x_wconf 88' lang='lat' dir='ltr'>tam</span> <span class='ocrx_word' id='word_1_162' title='bbox 921 1815 1056 1878; x_wconf 90' lang='lat' dir='ltr'>dedecet</span> <span class='ocrx_word' id='word_1_163' title='bbox 1079 1835 1176 1896; x_wconf 88' lang='lat' dir='ltr'>quam</span> <span class='ocrx_word' id='word_1_164' title='bbox 1199 1815 1275 1879; x_wconf 91' lang='lat' dir='ltr'>deli·</span> 
     </span>
     <span class='ocr_line' id='line_1_20' title="bbox 136 1901 1274 1982; baseline 0.002 -20"><span class='ocrx_word' id='word_1_165' title='bbox 136 1922 208 1963; x_wconf 90' lang='lat' dir='ltr'>rare</span> <span class='ocrx_word' id='word_1_166' title='bbox 232 1908 265 1963; x_wconf 92' lang='lat' dir='ltr'>et</span> <span class='ocrx_word' id='word_1_167' title='bbox 286 1906 394 1964; x_wconf 89' lang='lat' dir='ltr'>mente</span> <span class='ocrx_word' id='word_1_168' title='bbox 417 1922 486 1964; x_wconf 92' lang='lat' dir='ltr'>esse</span> <span class='ocrx_word' id='word_1_169' title='bbox 511 1908 656 1982; x_wconf 80' lang='lat' dir='ltr'>captum3</span> <span class='ocrx_word' id='word_1_170' title='bbox 680 1907 714 1964; x_wconf 91' lang='lat' dir='ltr'>et</span> <span class='ocrx_word' id='word_1_171' title='bbox 736 1901 820 1964; x_wconf 88' lang='lat' dir='ltr'>iusta</span> <span class='ocrx_word' id='word_1_172' title='bbox 844 1902 951 1964; x_wconf 90' lang='lat' dir='ltr'>omnia</span> <span class='ocrx_word' id='word_1_173' title='bbox 973 1902 1092 1964; x_wconf 86' lang='lat' dir='ltr'>decora</span> <span class='ocrx_word' id='word_1_174' title='bbox 1115 1908 1198 1979; x_wconf 87' lang='lat' dir='ltr'>sunt,</span> <span class='ocrx_word' id='word_1_175' title='bbox 1226 1903 1274 1964; x_wconf 92' lang='lat' dir='ltr'>in-</span> 
     </span>
     <span class='ocr_line' id='line_1_21' title="bbox 136 1986 1311 2069; baseline 0.005 -21"><span class='ocrx_word' id='word_1_176' title='bbox 136 1986 221 2050; x_wconf 90' lang='lat' dir='ltr'>iusta</span> <span class='ocrx_word' id='word_1_177' title='bbox 244 1993 365 2062; x_wconf 88' lang='lat' dir='ltr'>contra,</span> <span class='ocrx_word' id='word_1_178' title='bbox 389 1993 425 2050; x_wconf 90' lang='lat' dir='ltr'>ut</span> <span class='ocrx_word' id='word_1_179' title='bbox 447 1989 564 2069; x_wconf 90' lang='lat' dir='ltr'>turpia,</span> <span class='ocrx_word' id='word_1_180' title='bbox 589 1988 634 2050; x_wconf 88' lang='lat' dir='ltr'>sie</span> <span class='ocrx_word' id='word_1_181' title='bbox 657 1988 818 2051; x_wconf 91' lang='lat' dir='ltr'>indecora.</span> <span class='ocrx_word' id='word_1_182' title='bbox 865 1986 983 2050; x_wconf 84' lang='lat' dir='ltr'>Similis</span> <span class='ocrx_word' id='word_1_183' title='bbox 1008 1993 1057 2050; x_wconf 92' lang='grc'>111</span> <span class='ocrx_word' id='word_1_184' title='bbox 1074 1990 1158 2052; x_wconf 83' lang='grc'>11111</span> <span class='ocrx_word' id='word_1_185' title='bbox 1182 1989 1273 2051; x_wconf 82' lang='lat' dir='ltr'>forti·</span> <span class='ocrx_word' id='word_1_186' title='bbox 1284 2015 1311 2054; x_wconf 80' lang='grc'>11</span> 
     </span>
     <span class='ocr_line' id='line_1_22' title="bbox 135 2072 1273 2155; baseline 0.001 -20"><span class='ocrx_word' id='word_1_187' title='bbox 135 2074 264 2136; x_wconf 90' lang='lat' dir='ltr'>tudinis.</span> <span class='ocrx_word' id='word_1_188' title='bbox 303 2075 395 2149; x_wconf 79' lang='lat' dir='ltr'>Quod</span> <span class='ocrx_word' id='word_1_189' title='bbox 419 2075 503 2137; x_wconf 91' lang='lat' dir='ltr'>enim</span> <span class='ocrx_word' id='word_1_190' title='bbox 525 2074 662 2136; x_wconf 85' lang='lat' dir='ltr'>viriliter</span> <span class='ocrx_word' id='word_1_191' title='bbox 683 2074 853 2154; x_wconf 89' lang='lat' dir='ltr'>animoque</span> <span class='ocrx_word' id='word_1_192' title='bbox 877 2095 993 2155; x_wconf 85' lang='lat' dir='ltr'>magno</span> <span class='ocrx_word' id='word_1_193' title='bbox 1016 2072 1062 2150; x_wconf 87' lang='lat' dir='ltr'>fit,</span> <span class='ocrx_word' id='word_1_194' title='bbox 1085 2074 1119 2136; x_wconf 92' lang='lat' dir='ltr'>id</span> <span class='ocrx_word' id='word_1_195' title='bbox 1143 2075 1273 2154; x_wconf 89' lang='lat' dir='ltr'>dignum</span> 
     </span>
     <span class='ocr_line' id='line_1_23' title="bbox 135 2160 1272 2240; baseline 0.001 -19"><span class='ocrx_word' id='word_1_196' title='bbox 135 2161 202 2222; x_wconf 84' lang='lat' dir='ltr'>viro</span> <span class='ocrx_word' id='word_1_197' title='bbox 227 2165 259 2223; x_wconf 91' lang='grc'>11</span> <span class='ocrx_word' id='word_1_198' title='bbox 282 2160 433 2223; x_wconf 88' lang='lat' dir='ltr'>decorum</span> <span class='ocrx_word' id='word_1_199' title='bbox 457 2162 592 2235; x_wconf 82' lang='lat' dir='ltr'>videtur,</span> <span class='ocrx_word' id='word_1_200' title='bbox 617 2161 702 2240; x_wconf 92' lang='lat' dir='ltr'>quod</span> <span class='ocrx_word' id='word_1_201' title='bbox 727 2166 848 2238; x_wconf 89' lang='lat' dir='ltr'>contra,</span> <span class='ocrx_word' id='word_1_202' title='bbox 873 2160 906 2222; x_wconf 91' lang='lat' dir='ltr'>id</span> <span class='ocrx_word' id='word_1_203' title='bbox 928 2165 963 2222; x_wconf 90' lang='lat' dir='ltr'>ut</span> <span class='ocrx_word' id='word_1_204' title='bbox 986 2166 1089 2240; x_wconf 84' lang='lat' dir='ltr'>turpe,</span> <span class='ocrx_word' id='word_1_205' title='bbox 1114 2160 1159 2224; x_wconf 90' lang='lat' dir='ltr'>sic</span> <span class='ocrx_word' id='word_1_206' title='bbox 1183 2160 1272 2223; x_wconf 89' lang='lat' dir='ltr'>inde-</span> 
     </span>
    </p>

    <p class='ocr_par' dir='ltr' id='par_1_5' title="bbox 90 2246 1309 2847">
     <span class='ocr_line' id='line_1_24' title="bbox 90 2246 1272 2332; baseline -0.002 -21"><span class='ocrx_word' id='word_1_207' title='bbox 90 2260 253 2311; x_wconf 82' lang='lat' dir='ltr'>95corum.</span> <span class='ocrx_word' id='word_1_208' title='bbox 300 2246 404 2322; x_wconf 77' lang='lat' dir='ltr'>Quare</span> <span class='ocrx_word' id='word_1_209' title='bbox 427 2250 568 2329; x_wconf 90' lang='lat' dir='ltr'>pertinet</span> <span class='ocrx_word' id='word_1_210' title='bbox 591 2247 720 2327; x_wconf 91' lang='lat' dir='ltr'>quidem</span> <span class='ocrx_word' id='word_1_211' title='bbox 744 2248 785 2310; x_wconf 91' lang='lat' dir='ltr'>ad</span> <span class='ocrx_word' id='word_1_212' title='bbox 816 2267 943 2310; x_wconf 92' lang='lat' dir='ltr'>omnem</span> <span class='ocrx_word' id='word_1_213' title='bbox 976 2246 1179 2332; x_wconf 83' lang='lat' dir='ltr'>honestatem</span> <span class='ocrx_word' id='word_1_214' title='bbox 1201 2247 1272 2325; x_wconf 90' lang='lat' dir='ltr'>hoc,</span> 
     </span>
     <span class='ocr_line' id='line_1_25' title="bbox 135 2332 1270 2414; baseline 0.003 -21"><span class='ocrx_word' id='word_1_215' title='bbox 135 2332 221 2412; x_wconf 92' lang='lat' dir='ltr'>quod</span> <span class='ocrx_word' id='word_1_216' title='bbox 245 2333 326 2411; x_wconf 86' lang='lat' dir='ltr'>dico,</span> <span class='ocrx_word' id='word_1_217' title='bbox 356 2334 517 2413; x_wconf 90' lang='lat' dir='ltr'>decorum,</span> <span class='ocrx_word' id='word_1_218' title='bbox 550 2340 582 2397; x_wconf 95' lang='lat' dir='ltr'>et</span> <span class='ocrx_word' id='word_1_219' title='bbox 616 2334 662 2396; x_wconf 90' lang='lat' dir='ltr'>ita</span> <span class='ocrx_word' id='word_1_220' title='bbox 684 2333 834 2414; x_wconf 91' lang='lat' dir='ltr'>pertinet,</span> <span class='ocrx_word' id='word_1_221' title='bbox 858 2338 894 2395; x_wconf 89' lang='lat' dir='ltr'>ut</span> <span class='ocrx_word' id='word_1_222' title='bbox 916 2354 980 2396; x_wconf 93' lang='lat' dir='ltr'>non</span> <span class='ocrx_word' id='word_1_223' title='bbox 1003 2333 1170 2396; x_wconf 89' lang='lat' dir='ltr'>recondita</span> <span class='ocrx_word' id='word_1_224' title='bbox 1192 2354 1270 2413; x_wconf 91' lang='lat' dir='ltr'>qua-</span> 
     </span>
     <span class='ocr_line' id='line_1_26' title="bbox 135 2419 1309 2500; baseline 0.003 -19"><span class='ocrx_word' id='word_1_225' title='bbox 135 2420 209 2481; x_wconf 89' lang='lat' dir='ltr'>dam</span> <span class='ocrx_word' id='word_1_226' title='bbox 232 2421 356 2482; x_wconf 89' lang='lat' dir='ltr'>ratione</span> <span class='ocrx_word' id='word_1_227' title='bbox 380 2428 539 2499; x_wconf 87' lang='lat' dir='ltr'>cernatur,</span> <span class='ocrx_word' id='word_1_228' title='bbox 564 2421 621 2483; x_wconf 91' lang='lat' dir='ltr'>sed</span> <span class='ocrx_word' id='word_1_229' title='bbox 644 2419 686 2482; x_wconf 91' lang='lat' dir='ltr'>sit</span> <span class='ocrx_word' id='word_1_230' title='bbox 700 2420 732 2481; x_wconf 91' lang='lat' dir='ltr'>in</span> <span class='ocrx_word' id='word_1_231' title='bbox 748 2425 908 2500; x_wconf 89' lang='lat' dir='ltr'>promptu.</span> <span class='ocrx_word' id='word_1_232' title='bbox 933 2419 991 2482; x_wconf 85' lang='lat' dir='ltr'>Est</span> <span class='ocrx_word' id='word_1_233' title='bbox 1013 2420 1097 2482; x_wconf 93' lang='lat' dir='ltr'>enim</span> <span class='ocrx_word' id='word_1_234' title='bbox 1118 2420 1271 2499; x_wconf 91' lang='lat' dir='ltr'>quiddam</span> <span class='ocrx_word' id='word_1_235' title='bbox 1282 2445 1309 2485; x_wconf 79' lang='lat'>25</span> 
     </span>
     <span class='ocr_line' id='line_1_27' title="bbox 134 2506 1271 2588; baseline 0.001 -20"><span class='ocrx_word' id='word_1_236' title='bbox 134 2507 230 2588; x_wconf 91' lang='lat' dir='ltr'>idque</span> <span class='ocrx_word' id='word_1_237' title='bbox 254 2507 451 2588; x_wconf 87' lang='lat' dir='ltr'>intellegitur</span> <span class='ocrx_word' id='word_1_238' title='bbox 474 2509 506 2571; x_wconf 93' lang='lat' dir='ltr'>in</span> <span class='ocrx_word' id='word_1_239' title='bbox 530 2508 616 2571; x_wconf 92' lang='lat' dir='ltr'>omni</span> <span class='ocrx_word' id='word_1_240' title='bbox 638 2507 765 2583; x_wconf 81' lang='lat' dir='ltr'>virtute,</span> <span class='ocrx_word' id='word_1_241' title='bbox 787 2506 1016 2587; x_wconf 87' lang='lat' dir='ltr'>quoddeceat;</span> <span class='ocrx_word' id='word_1_242' title='bbox 1040 2507 1126 2586; x_wconf 93' lang='lat' dir='ltr'>quod</span> <span class='ocrx_word' id='word_1_243' title='bbox 1150 2507 1271 2587; x_wconf 87' lang='lat' dir='ltr'>cogita-</span> 
     </span>
     <span class='ocr_line' id='line_1_28' title="bbox 134 2592 1271 2675; baseline 0.001 -20"><span class='ocrx_word' id='word_1_244' title='bbox 134 2593 220 2655; x_wconf 91' lang='lat' dir='ltr'>tione</span> <span class='ocrx_word' id='word_1_245' title='bbox 243 2594 344 2674; x_wconf 89' lang='lat' dir='ltr'>magis</span> <span class='ocrx_word' id='word_1_246' title='bbox 368 2614 387 2655; x_wconf 86' lang='lat' dir='ltr'>a</span> <span class='ocrx_word' id='word_1_247' title='bbox 410 2595 527 2657; x_wconf 88' lang='lat' dir='ltr'>virtute</span> <span class='ocrx_word' id='word_1_248' title='bbox 554 2599 661 2675; x_wconf 91' lang='lat' dir='ltr'>potest</span> <span class='ocrx_word' id='word_1_249' title='bbox 684 2614 781 2673; x_wconf 86' lang='lat' dir='ltr'>quarn</span> <span class='ocrx_word' id='word_1_250' title='bbox 803 2614 838 2656; x_wconf 90' lang='lat' dir='ltr'>re</span> <span class='ocrx_word' id='word_1_251' title='bbox 862 2593 1014 2674; x_wconf 88' lang='lat' dir='ltr'>separari.</span> <span class='ocrx_word' id='word_1_252' title='bbox 1056 2592 1098 2655; x_wconf 93' lang='lat' dir='ltr'>Ut</span> <span class='ocrx_word' id='word_1_253' title='bbox 1120 2598 1271 2656; x_wconf 89' lang='lat' dir='ltr'>venustas</span> 
     </span>
     <span class='ocr_line' id='line_1_29' title="bbox 134 2679 1271 2761; baseline 0.001 -20"><span class='ocrx_word' id='word_1_254' title='bbox 134 2685 167 2741; x_wconf 90' lang='lat' dir='ltr'>et</span> <span class='ocrx_word' id='word_1_255' title='bbox 189 2679 393 2759; x_wconf 88' lang='lat' dir='ltr'>pulchritudo</span> <span class='ocrx_word' id='word_1_256' title='bbox 418 2681 561 2761; x_wconf 88' lang='lat' dir='ltr'>corporis</span> <span class='ocrx_word' id='word_1_257' title='bbox 592 2681 715 2744; x_wconf 90' lang='lat' dir='ltr'>secerni</span> <span class='ocrx_word' id='word_1_258' title='bbox 749 2701 814 2743; x_wconf 87' lang='lat' dir='ltr'>non</span> <span class='ocrx_word' id='word_1_259' title='bbox 836 2685 944 2761; x_wconf 89' lang='lat' dir='ltr'>potest</span> <span class='ocrx_word' id='word_1_260' title='bbox 967 2701 987 2742; x_wconf 91' lang='lat' dir='ltr'>a</span> <span class='ocrx_word' id='word_1_261' title='bbox 1008 2679 1200 2759; x_wconf 80' lang='lat' dir='ltr'>valetudine,</span> <span class='ocrx_word' id='word_1_262' title='bbox 1226 2681 1271 2743; x_wconf 92' lang='lat' dir='ltr'>sic</span> 
     </span>
     <span class='ocr_line' id='line_1_30' title="bbox 131 2764 1271 2847; baseline 0.001 -20"><span class='ocrx_word' id='word_1_263' title='bbox 131 2764 203 2842; x_wconf 89' lang='lat' dir='ltr'>hoc,</span> <span class='ocrx_word' id='word_1_264' title='bbox 227 2765 267 2827; x_wconf 90' lang='lat' dir='ltr'>de</span> <span class='ocrx_word' id='word_1_265' title='bbox 291 2786 353 2846; x_wconf 92' lang='lat' dir='ltr'>quo</span> <span class='ocrx_word' id='word_1_266' title='bbox 376 2765 545 2847; x_wconf 90' lang='lat' dir='ltr'>loquimur,</span> <span class='ocrx_word' id='word_1_267' title='bbox 568 2768 720 2830; x_wconf 86' lang='lat' dir='ltr'>decorum</span> <span class='ocrx_word' id='word_1_268' title='bbox 743 2772 848 2829; x_wconf 84' lang='lat' dir='ltr'>toturn</span> <span class='ocrx_word' id='word_1_269' title='bbox 871 2766 950 2828; x_wconf 92' lang='lat' dir='ltr'>illud</span> <span class='ocrx_word' id='word_1_270' title='bbox 974 2767 1102 2846; x_wconf 90' lang='lat' dir='ltr'>quidem</span> <span class='ocrx_word' id='word_1_271' title='bbox 1127 2771 1176 2828; x_wconf 90' lang='lat' dir='ltr'>est</span> <span class='ocrx_word' id='word_1_272' title='bbox 1199 2787 1271 2828; x_wconf 93' lang='lat' dir='ltr'>cum</span> 
     </span>
    </p>

    <p class='ocr_par' dir='ltr' id='par_1_6' title="bbox 88 2851 1309 3364">
     <span class='ocr_line' id='line_1_31' title="bbox 88 2851 1309 2932; baseline 0.005 -22"><span class='ocrx_word' id='word_1_273' title='bbox 88 2853 249 2914; x_wconf 78' lang='lat' dir='ltr'>ocvnnae</span> <span class='ocrx_word' id='word_1_274' title='bbox 274 2851 449 2928; x_wconf 83' lang='lat' dir='ltr'>confusum,</span> <span class='ocrx_word' id='word_1_275' title='bbox 474 2854 531 2916; x_wconf 87' lang='lat' dir='ltr'>sed</span> <span class='ocrx_word' id='word_1_276' title='bbox 554 2860 661 2916; x_wconf 90' lang='lat' dir='ltr'>mente</span> <span class='ocrx_word' id='word_1_277' title='bbox 686 2859 718 2915; x_wconf 89' lang='lat' dir='ltr'>et</span> <span class='ocrx_word' id='word_1_278' title='bbox 741 2853 936 2932; x_wconf 86' lang='lat' dir='ltr'>cogitatione</span> <span class='ocrx_word' id='word_1_279' title='bbox 961 2853 1177 2932; x_wconf 86' lang='lat' dir='ltr'>distinguitur.</span> <span class='ocrx_word' id='word_1_280' title='bbox 1212 2853 1309 2916; x_wconf 75' lang='lat' dir='ltr'>Estne</span> 
     </span>
     <span class='ocr_line' id='line_1_32' title="bbox 133 2935 1270 3020; baseline 0.001 -19"><span class='ocrx_word' id='word_1_281' title='bbox 133 2944 240 3001; x_wconf 89' lang='lat' dir='ltr'>autem</span> <span class='ocrx_word' id='word_1_282' title='bbox 264 2940 331 3001; x_wconf 90' lang='lat' dir='ltr'>eius</span> <span class='ocrx_word' id='word_1_283' title='bbox 355 2939 521 3020; x_wconf 87' lang='lat' dir='ltr'>discriptio</span> <span class='ocrx_word' id='word_1_284' title='bbox 545 2940 677 3020; x_wconf 73' lang='lat' dir='ltr'>duplex,</span> <span class='ocrx_word' id='word_1_285' title='bbox 702 2961 776 3001; x_wconf 90' lang='lat' dir='ltr'>nam</span> <span class='ocrx_word' id='word_1_286' title='bbox 801 2944 833 3001; x_wconf 91' lang='lat' dir='ltr'>et</span> <span class='ocrx_word' id='word_1_287' title='bbox 856 2935 1005 3019; x_wconf 82' lang='lat' dir='ltr'>generale</span> <span class='ocrx_word' id='word_1_288' title='bbox 1029 2938 1191 3017; x_wconf 91' lang='lat' dir='ltr'>quoddam</span> <span class='ocrx_word' id='word_1_289' title='bbox 1215 2939 1270 3002; x_wconf 94' lang='lat' dir='ltr'>de-</span> 
     </span>
     <span class='ocr_line' id='line_1_33' title="bbox 132 3024 1270 3107; baseline 0.001 -19"><span class='ocrx_word' id='word_1_290' title='bbox 132 3045 241 3088; x_wconf 90' lang='lat' dir='ltr'>corum</span> <span class='ocrx_word' id='word_1_291' title='bbox 263 3024 486 3107; x_wconf 88' lang='lat' dir='ltr'>intellegimus,</span> <span class='ocrx_word' id='word_1_292' title='bbox 511 3027 596 3106; x_wconf 92' lang='lat' dir='ltr'>quod</span> <span class='ocrx_word' id='word_1_293' title='bbox 613 3027 645 3087; x_wconf 90' lang='lat' dir='ltr'>in</span> <span class='ocrx_word' id='word_1_294' title='bbox 661 3027 746 3089; x_wconf 90' lang='lat' dir='ltr'>omni</span> <span class='ocrx_word' id='word_1_295' title='bbox 763 3025 931 3087; x_wconf 88' lang='lat' dir='ltr'>honestate</span> <span class='ocrx_word' id='word_1_296' title='bbox 946 3032 1103 3103; x_wconf 87' lang='lat' dir='ltr'>versatur,</span> <span class='ocrx_word' id='word_1_297' title='bbox 1128 3031 1160 3087; x_wconf 91' lang='lat' dir='ltr'>et</span> <span class='ocrx_word' id='word_1_298' title='bbox 1182 3024 1270 3089; x_wconf 90' lang='lat' dir='ltr'>aliud</span> 
     </span>
     <span class='ocr_line' id='line_1_34' title="bbox 131 3110 1269 3195; baseline 0.002 -22"><span class='ocrx_word' id='word_1_299' title='bbox 131 3111 205 3174; x_wconf 89' lang='lat' dir='ltr'>huic</span> <span class='ocrx_word' id='word_1_300' title='bbox 228 3111 416 3191; x_wconf 88' lang='lat' dir='ltr'>subiectum,</span> <span class='ocrx_word' id='word_1_301' title='bbox 441 3113 527 3195; x_wconf 86' lang='lat' dir='ltr'>quod</span> <span class='ocrx_word' id='word_1_302' title='bbox 549 3113 690 3193; x_wconf 89' lang='lat' dir='ltr'>pertinet</span> <span class='ocrx_word' id='word_1_303' title='bbox 720 3113 761 3175; x_wconf 91' lang='lat' dir='ltr'>ad</span> <span class='ocrx_word' id='word_1_304' title='bbox 784 3110 923 3190; x_wconf 88' lang='lat' dir='ltr'>singulas</span> <span class='ocrx_word' id='word_1_305' title='bbox 946 3116 1057 3192; x_wconf 89' lang='lat' dir='ltr'>partes</span> <span class='ocrx_word' id='word_1_306' title='bbox 1079 3110 1269 3175; x_wconf 82' lang='lat' dir='ltr'>honestatis.</span> 
     </span>
     <span class='ocr_line' id='line_1_35' title="bbox 131 3197 1270 3280; baseline 0 -19"><span class='ocrx_word' id='word_1_307' title='bbox 131 3199 236 3278; x_wconf 87' lang='lat' dir='ltr'>Atque</span> <span class='ocrx_word' id='word_1_308' title='bbox 260 3197 339 3261; x_wconf 89' lang='lat' dir='ltr'>illud</span> <span class='ocrx_word' id='word_1_309' title='bbox 373 3201 518 3280; x_wconf 89' lang='lat' dir='ltr'>superius</span> <span class='ocrx_word' id='word_1_310' title='bbox 549 3199 595 3262; x_wconf 89' lang='lat' dir='ltr'>sic</span> <span class='ocrx_word' id='word_1_311' title='bbox 623 3198 690 3262; x_wconf 85' lang='grc'>1111</span> <span class='ocrx_word' id='word_1_312' title='bbox 722 3197 849 3261; x_wconf 88' lang='lat' dir='ltr'>definiri</span> <span class='ocrx_word' id='word_1_313' title='bbox 883 3197 980 3260; x_wconf 90' lang='lat' dir='ltr'>solet:</span> <span class='ocrx_word' id='word_1_314' title='bbox 1017 3198 1213 3262; x_wconf 88' lang='lat' dir='ltr'>decorum</span> <span class='ocrx_word' id='word_1_315' title='bbox 1236 3198 1270 3261; x_wconf 92' lang='lat' dir='ltr'>id</span> 
     </span>
     <span class='ocr_line' id='line_1_36' title="bbox 131 3284 1308 3364; baseline 0.001 -17"><span class='ocrx_word' id='word_1_316' title='bbox 131 3305 211 3362; x_wconf 89' lang='lat' dir='ltr'>esse,</span> <span class='ocrx_word' id='word_1_317' title='bbox 247 3285 333 3364; x_wconf 91' lang='lat' dir='ltr'>quod</span> <span class='ocrx_word' id='word_1_318' title='bbox 356 3292 606 3349; x_wconf 90' lang='lat' dir='ltr'>consentaneum</span> <span class='ocrx_word' id='word_1_319' title='bbox 634 3285 677 3348; x_wconf 90' lang='lat' dir='ltr'>sit</span> <span class='ocrx_word' id='word_1_320' title='bbox 705 3284 843 3348; x_wconf 89' lang='lat' dir='ltr'>hominis</span> <span class='ocrx_word' id='word_1_321' title='bbox 866 3284 1076 3348; x_wconf 84' lang='lat' dir='ltr'>excellentiae</span> <span class='ocrx_word' id='word_1_322' title='bbox 1106 3285 1140 3346; x_wconf 91' lang='lat' dir='ltr'>in</span> <span class='ocrx_word' id='word_1_323' title='bbox 1164 3306 1212 3363; x_wconf 89' lang='lat' dir='ltr'>ec,</span> <span class='ocrx_word' id='word_1_324' title='bbox 1236 3286 1308 3348; x_wconf 77' lang='grc'>1111</span> 
     </span>
    </p>

    <p class='ocr_par' dir='ltr' id='par_1_7' title="bbox 83 3369 1270 3714">
     <span class='ocr_line' id='line_1_37' title="bbox 83 3369 1269 3453; baseline 0.001 -22"><span class='ocrx_word' id='word_1_325' title='bbox 83 3377 90 3395; x_wconf 82' lang='grc'><strong>“</strong></span> <span class='ocrx_word' id='word_1_326' title='bbox 131 3391 194 3450; x_wconf 91' lang='lat' dir='ltr'>quo</span> <span class='ocrx_word' id='word_1_327' title='bbox 214 3377 332 3434; x_wconf 89' lang='lat' dir='ltr'>natura</span> <span class='ocrx_word' id='word_1_328' title='bbox 355 3373 422 3436; x_wconf 89' lang='lat' dir='ltr'>eius</span> <span class='ocrx_word' id='word_1_329' title='bbox 446 3394 465 3435; x_wconf 89' lang='lat' dir='ltr'>a</span> <span class='ocrx_word' id='word_1_330' title='bbox 487 3372 619 3453; x_wconf 86' lang='lat' dir='ltr'>reliquis</span> <span class='ocrx_word' id='word_1_331' title='bbox 642 3371 858 3435; x_wconf 87' lang='lat' dir='ltr'>animantibus</span> <span class='ocrx_word' id='word_1_332' title='bbox 882 3369 1017 3435; x_wconf 85' lang='lat' dir='ltr'>differat.</span> <span class='ocrx_word' id='word_1_333' title='bbox 1049 3370 1137 3447; x_wconf 85' lang='lat' dir='ltr'>Quae</span> <span class='ocrx_word' id='word_1_334' title='bbox 1161 3375 1269 3434; x_wconf 88' lang='lat' dir='ltr'>autem</span> 
     </span>
     <span class='ocr_line' id='line_1_38' title="bbox 130 3455 1270 3541; baseline 0.003 -23"><span class='ocrx_word' id='word_1_335' title='bbox 130 3476 205 3538; x_wconf 91' lang='lat' dir='ltr'>pars</span> <span class='ocrx_word' id='word_1_336' title='bbox 229 3457 374 3521; x_wconf 88' lang='lat' dir='ltr'>subiecta</span> <span class='ocrx_word' id='word_1_337' title='bbox 396 3459 506 3541; x_wconf 86' lang='lat' dir='ltr'>generi</span> <span class='ocrx_word' id='word_1_338' title='bbox 529 3464 587 3536; x_wconf 86' lang='lat' dir='ltr'>est,</span> <span class='ocrx_word' id='word_1_339' title='bbox 622 3479 693 3522; x_wconf 91' lang='lat' dir='ltr'>eam</span> <span class='ocrx_word' id='word_1_340' title='bbox 726 3459 771 3521; x_wconf 89' lang='lat' dir='ltr'>sic</span> <span class='ocrx_word' id='word_1_341' title='bbox 802 3455 967 3535; x_wconf 88' lang='lat' dir='ltr'>definiunt,</span> <span class='ocrx_word' id='word_1_342' title='bbox 1002 3463 1039 3520; x_wconf 92' lang='lat' dir='ltr'>nt</span> <span class='ocrx_word' id='word_1_343' title='bbox 1061 3458 1094 3520; x_wconf 91' lang='lat' dir='ltr'>id</span> <span class='ocrx_word' id='word_1_344' title='bbox 1117 3458 1270 3521; x_wconf 88' lang='lat' dir='ltr'>decorum</span> 
     </span>
     <span class='ocr_line' id='line_1_39' title="bbox 129 3543 1269 3626; baseline 0.002 -21"><span class='ocrx_word' id='word_1_345' title='bbox 129 3543 228 3607; x_wconf 81' lang='lat' dir='ltr'>velint</span> <span class='ocrx_word' id='word_1_346' title='bbox 259 3564 338 3623; x_wconf 88' lang='lat' dir='ltr'>esse,</span> <span class='ocrx_word' id='word_1_347' title='bbox 373 3547 459 3626; x_wconf 92' lang='lat' dir='ltr'>quod</span> <span class='ocrx_word' id='word_1_348' title='bbox 493 3546 540 3609; x_wconf 91' lang='lat' dir='ltr'>ita</span> <span class='ocrx_word' id='word_1_349' title='bbox 573 3550 708 3608; x_wconf 89' lang='lat' dir='ltr'>naturae</span> <span class='ocrx_word' id='word_1_350' title='bbox 744 3549 993 3607; x_wconf 90' lang='lat' dir='ltr'>consentaneum</span> <span class='ocrx_word' id='word_1_351' title='bbox 1024 3545 1075 3623; x_wconf 91' lang='lat' dir='ltr'>sit,</span> <span class='ocrx_word' id='word_1_352' title='bbox 1109 3549 1145 3607; x_wconf 89' lang='lat' dir='ltr'>ut</span> <span class='ocrx_word' id='word_1_353' title='bbox 1176 3545 1207 3606; x_wconf 94' lang='lat' dir='ltr'>in</span> <span class='ocrx_word' id='word_1_354' title='bbox 1231 3564 1269 3607; x_wconf 93' lang='lat' dir='ltr'>eo</span> 
     </span>
     <span class='ocr_line' id='line_1_40' title="bbox 129 3630 1269 3714; baseline 0.001 -21"><span class='ocrx_word' id='word_1_355' title='bbox 129 3630 309 3694; x_wconf 89' lang='lat' dir='ltr'>moderatio</span> <span class='ocrx_word' id='word_1_356' title='bbox 331 3637 363 3694; x_wconf 91' lang='lat' dir='ltr'>et</span> <span class='ocrx_word' id='word_1_357' title='bbox 385 3632 599 3714; x_wconf 87' lang='lat' dir='ltr'>temperantia</span> <span class='ocrx_word' id='word_1_358' title='bbox 622 3636 779 3712; x_wconf 88' lang='lat' dir='ltr'>appareat</span> <span class='ocrx_word' id='word_1_359' title='bbox 802 3652 874 3694; x_wconf 92' lang='lat' dir='ltr'>cum</span> <span class='ocrx_word' id='word_1_360' title='bbox 897 3632 1004 3713; x_wconf 85' lang='lat' dir='ltr'>specie</span> <span class='ocrx_word' id='word_1_361' title='bbox 1027 3631 1167 3712; x_wconf 89' lang='lat' dir='ltr'>quadam</span> <span class='ocrx_word' id='word_1_362' title='bbox 1189 3630 1269 3694; x_wconf 91' lang='lat' dir='ltr'>libe-</span> 
     </span>
    </p>
   </div>
   <div class='ocr_carea' id='block_1_3' title="bbox 108 3801 1269 3958">
    <p class='ocr_par' dir='ltr' id='par_1_8' title="bbox 108 3801 1269 3958">
     <span class='ocr_line' id='line_1_41' title="bbox 216 3801 1269 3870; baseline -0.005 -14"><span class='ocrx_word' id='word_1_363' title='bbox 216 3809 240 3856; x_wconf 88' lang='lat'>2.</span> <span class='ocrx_word' id='word_1_364' title='bbox 259 3821 318 3861; x_wconf 80' lang='lat' dir='ltr'>cere</span> <span class='ocrx_word' id='word_1_365' title='bbox 331 3804 424 3870; x_wconf 89' lang='lat' dir='ltr'>codd.;</span> <span class='ocrx_word' id='word_1_366' title='bbox 452 3805 536 3869; x_wconf 83' lang='lat' dir='ltr'>†ecrc</span> <span class='ocrx_word' id='word_1_367' title='bbox 554 3803 616 3857; x_wconf 89' lang='lat' dir='ltr'>edd.</span> <span class='ocrx_word' id='word_1_368' title='bbox 635 3834 668 3841; x_wconf 99' lang='lat'><em>-</em></span> <span class='ocrx_word' id='word_1_369' title='bbox 687 3806 711 3856; x_wconf 82' lang='lat'>8.</span> <span class='ocrx_word' id='word_1_370' title='bbox 724 3803 830 3855; x_wconf 78' lang='lat' dir='ltr'>dicitur.</span> <span class='ocrx_word' id='word_1_371' title='bbox 843 3803 933 3853; x_wconf 77' lang='lat' dir='ltr'>Huius</span> <span class='ocrx_word' id='word_1_372' title='bbox 942 3801 1018 3868; x_wconf 86' lang='lat' dir='ltr'>edd.;</span> <span class='ocrx_word' id='word_1_373' title='bbox 1039 3801 1138 3853; x_wconf 80' lang='lat' dir='ltr'>dicitur</span> <span class='ocrx_word' id='word_1_374' title='bbox 1148 3801 1269 3853; x_wconf 78' lang='lat' dir='ltr'>decorum</span> 
     </span>
     <span class='ocr_line' id='line_1_42' title="bbox 108 3885 1184 3958; baseline 0.011 -30"><span class='ocrx_word' id='word_1_375' title='bbox 108 3885 196 3932; x_wconf 59' lang='lat' dir='ltr'>lamae</span> <span class='ocrx_word' id='word_1_376' title='bbox 212 3889 294 3938; x_wconf 75' lang='lat' dir='ltr'>codd,</span> <span class='ocrx_word' id='word_1_377' title='bbox 316 3919 351 3926; x_wconf 93' lang='lat'>—</span> <span class='ocrx_word' id='word_1_378' title='bbox 369 3893 411 3942; x_wconf 82' lang='lat'>31,</span> <span class='ocrx_word' id='word_1_379' title='bbox 433 3891 572 3954; x_wconf 71' lang='lat' dir='ltr'>diremptio</span> <span class='ocrx_word' id='word_1_380' title='bbox 593 3891 618 3958; x_wconf 88' lang='grc'>11,</span> <span class='ocrx_word' id='word_1_381' title='bbox 638 3890 716 3958; x_wconf 89' lang='lat' dir='ltr'>edd.;</span> <span class='ocrx_word' id='word_1_382' title='bbox 736 3889 959 3955; x_wconf 72' lang='grc' dir='ltr'>11111111111ΒΗ1</span> <span class='ocrx_word' id='word_1_383' title='bbox 979 3888 1112 3939; x_wconf 78' lang='lat' dir='ltr'>distinctio</span> <span class='ocrx_word' id='word_1_384' title='bbox 1130 3889 1184 3941; x_wconf 91' lang='lat' dir='ltr'>Lc.</span> 
     </span>
    </p>
   </div>
   <div class='ocr_carea' id='block_1_4' title="bbox 0 0 1414 4178">
    <p class='ocr_par' dir='ltr' id='par_1_9' title="bbox 0 0 1414 4178">
     <span class='ocr_line' id='line_1_43' title="bbox 0 0 1414 4178; baseline 0 6"><span class='ocrx_word' id='word_1_385' title='bbox 0 0 1414 4178; x_wconf 95' lang='lat' dir='ltr'> </span> 
     </span>
    </p>
   </div>
  </div>
 </body>
</html>
