2820 4178
470 819 850 939 PRAEFATIO.
949 800 951 804 ’

176 1210 243 1269 Duo
274 1213 343 1268 sunt
374 1210 509 1270 codicum
539 1228 660 1288 genera,
693 1226 769 1282 quae
801 1208 840 1266 ed
872 1207 1023 1269 Ciceronis
1053 1209 1090 1268 de
1121 1209 1230 1269 officiis

90 1313 185 1373 libros
218 1314 418 1374 recensendos
448 1316 490 1372 ita
520 1317 646 1388 possunt
676 1312 822 1389 adhiberi,
853 1318 885 1372 ut
916 1331 992 1387 quae
1022 1331 1094 1372 vera
1124 1314 1228 1373 horum

90 1417 233 1477 librorum
256 1418 346 1477 fuerit
368 1417 464 1477 forma
487 1434 712 1492 cognoscamus.
737 1415 868 1488 Quorum
891 1418 921 1475 in
944 1417 1039 1475 altero
1055 1417 1232 1475 numerandi

91 1527 160 1580 sunt
187 1522 418 1596 Bambergensis
449 1519 500 1602 (B)
524 1539 602 1580 saec.
626 1522 673 1592 X,
703 1521 949 1595 Herbipolitanus
982 1516 1036 1602 (H)
1060 1538 1083 1579 s.
1109 1522 1232 1580 Wilrze·

91 1624 251 1699 burgensis
274 1643 353 1683 saec.
386 1626 434 1701 X,
464 1626 625 1684 Bernensis
657 1622 702 1702 (b)
734 1643 763 1682 n.
796 1627 856 1683 391
882 1642 960 1684 saec.
991 1625 1039 1701 X,
1069 1624 1100 1682 in
1124 1624 1233 1699 quibus

90 1732 211 1803 praeter
234 1746 330 1804 casus,
355 1729 406 1802 qui
428 1729 459 1786 in
479 1728 565 1787 libris
586 1722 794 1788 *describendis
816 1729 926 1803 ubique
949 1730 1155 1806 versabantur,
1179 1731 1233 1787 aut

90 1832 211 1892 inscitia
233 1838 284 1891 aut
306 1833 429 1893 levitate
451 1833 638 1893 librariorum
662 1838 816 1908 peccatum
836 1837 891 1909 est,
915 1837 967 1892 aut
989 1833 1069 1908 quod
1086 1851 1132 1910 aa,
1155 1850 1234 1909 quae

92 1936 123 1995 in
146 1936 294 1996 communi
323 1936 428 1996 horum
457 1936 601 1996 librorum
632 1937 794 2013 archetypo
826 1937 939 2012 scripta
971 1937 1099 2014 fuerant,
1131 1937 1234 2012 legere

93 2040 215 2100 difficile
237 2046 311 2118 crat,
335 2042 470 2100 consulto
501 2046 600 2100 autem
624 2040 777 2103 Ciceronis
806 2043 899 2101 verba
928 2061 988 2102 non
1011 2047 1079 2100 sunt
1110 2045 1236 2100 mutata.

92 2145 140 2204 Ad
163 2147 290 2204 alterum
319 2163 414 2221 genus
444 2146 594 2220 pertinent
623 2147 803 2205 Harleianus
837 2143 889 2225 (L)
913 2166 942 2204 n.
968 2148 1051 2206 2716
1078 2163 1156 2204 saec.
1180 2145 1233 2202 IX.

94 2254 212 2308 exeunt.
236 2250 286 2309 vel
308 2251 355 2326 X,
387 2250 542 2309 Palatinus
568 2247 614 2328 (p)
638 2270 667 2310 n.
694 2253 774 2310 1531
800 2268 879 2310 saec.
902 2251 980 2326 XII,
1003 2249 1164 2309 Bernensis
1188 2244 1234 2329 (c)

95 2373 123 2412 n.
150 2356 211 2412 104
242 2371 320 2412 saec.
350 2353 443 2430 XHI.,
475 2373 600 2429 quorum
630 2355 660 2412 in
690 2354 864 2431 archetypo,
895 2360 929 2412 nt
958 2355 1051 2413 verba
1081 2352 1236 2413 Ciceronis

94 2457 290 2518 redderentur
325 2458 522 2535 elegantiora,
552 2459 695 2534 rectiora,
730 2458 768 2516 ad
802 2476 986 2518 communem
1019 2476 1105 2516 usum
1138 2456 1236 2530 magis

96 2562 314 2638 convenientia,
344 2564 493 2637 permulta
523 2563 681 2622 scribentis
715 2562 839 2622 arbitrio
870 2567 984 2622 mutata
1013 2561 1141 2621 fuerunt.
1186 2560 1235 2618 Illi

95 2665 187 2741 igitur
209 2664 272 2725 fere
295 2666 354 2724 soli
376 2666 433 2725 fide
457 2667 538 2741 digni
558 2666 596 2724 ad
612 2684 772 2741 eorumque
792 2667 960 2742 exemplum
974 2667 1067 2725 verba
1083 2664 1237 2725 Ciceronis

96 2769 309 2828 conformanda
331 2775 408 2829 sunt.
449 2771 649 2847 Reperiuntur
671 2775 771 2830 tamen
793 2770 824 2828 in
847 2770 1045 2829 deterioribus
1066 2768 1152 2828 libris
1174 2769 1237 2827 lec-

96 2874 193 2934 tiones
217 2874 373 2950 quaedam,
398 2893 474 2949 quac
495 2879 524 2933 et
548 2875 702 2934 meliorum
732 2875 867 2935 codicum
895 2874 1006 2950 apertis
1029 2873 1143 2933 mendis
1167 2872 1236 2931 sub·

96 2978 220 3036 veniunt
243 2983 272 3037 et
296 2996 361 3037 eam
384 2997 456 3052 prae
481 2997 512 3038 se
535 2979 634 3039 ferunt
657 2979 797 3056 speciem,
821 2984 853 3038 ut
875 2978 914 3037 ad
942 2976 1121 3053 expolienda
1143 2977 1238 3034 verba

96 3081 208 3140 tradita
232 3099 283 3140 eas
306 3082 505 3157 excogitatas·
523 3103 589 3143 esse
619 3103 679 3143 non
705 3084 868 3159 putandum
892 3083 940 3158 sit,
971 3081 1147 3157 praesertim
1170 3098 1236 3138 cum

97 3203 318 3260 nonnumquam
348 3187 436 3245 etiam
461 3189 550 3246 Nonii
575 3193 626 3245 aut
649 3188 799 3246 Lactantii
821 3186 991 3246 testimonio
1019 3187 1237 3244 confirmentur.

97 3289 254 3348 Eiusmodi
276 3291 352 3350 iocis
375 3291 445 3365 quin
469 3291 498 3349 hi
523 3292 641 3351 codices
656 3311 728 3351 vera
751 3292 936 3351 servaverint
954 3308 1013 3349 non
1037 3295 1082 3349 est
1106 3288 1237 3347 dubium.

99 3392 183 3466 Quae
206 3397 305 3453 autem
320 3393 397 3452 ratio
420 3394 585 3454 intercedat
600 3397 677 3455 inter
692 3396 810 3456 codices
822 3400 855 3454 ut
870 3395 975 3454 meiius
990 3412 1067 3453 nunc
1083 3393 1238 3451 videamus

99 3516 187 3572 quam
218 3502 316 3574 antea,
347 3499 492 3558 Ernestus
523 3501 607 3574 Popp
630 3501 825 3574 Erlangensis
848 3499 954 3558 effecit.
999 3501 1029 3557 Is
1052 3497 1130 3557 enim
1160 3496 1238 3554 libro

100 3620 187 3676 quem
209 3602 329 3676 scripsit
356 3602 419 3674 ,De
444 3602 595 3663 Ciceronis
619 3604 656 3662 de
680 3603 785 3663 officiis
817 3604 960 3663 librorum
991 3601 1143 3661 codicibus
1166 3600 1237 3657 Ber-

98 3706 262 3765 nensi104
289 3705 375 3780 cique
399 3708 551 3782 cognatim
575 3705 708 3787 (dissert.
731 3708 833 3781 inaug.
846 3702 1095 3776 uriacensem
1113 3703 1260 3754 sedam

96 3811 292 3870 Harieianum
315 3831 344 3872 n.
371 3814 456 3875 271ss
482 3810 537 3897 (Li
562 3815 603 3875 ab
628 3813 772 3890 Augusto
789 3807 937 3868 inuestem
952 3794 1117 3856 meumes
1139 3788 1293 3840 emam
