2820 4178
440 147 508 198 rna.
529 148 548 198 r.
587 146 662 198 can.
684 149 724 212 ro,
746 151 785 199 17.
823 147 967 214 sao-sa
1235 151 1271 207 ῃ

129 318 259 383 humani
283 320 408 402 generis
431 322 463 383 in
488 322 635 402 exiguum
667 329 899 403 angustumque
935 321 1144 384 concluditur.
1190 321 1272 383 Nam
1284 335 1317 385 54

130 426 201 467 cum
225 408 266 469 sit
289 407 350 469 hoc
373 413 489 470 natura
523 429 690 471 commune
725 409 944 487 animantium,
970 413 1015 468 ut
1039 407 1179 471 habeant
1201 407 1272 470 libi-

130 491 236 559 dinem
256 495 457 574 procreandi,
481 496 586 575 pruna
599 495 736 557 societas
748 495 780 556 in
793 496 862 576 ipso
887 494 1032 574 coniugio
1047 500 1104 571 est,
1129 494 1275 573 proxima

130 578 162 639 in
184 578 304 658 libaria,
341 580 456 642 deinde
480 603 543 643 una
579 581 700 643 domus.
737 582 916 642 communia
952 581 1074 658 urnula,
1110 581 1142 641 id
1167 586 1275 642 autem

91 683 104 722 ε
131 670 180 727 θεῖ
217 665 409 747 principium
431 667 520 729 urbis
545 672 577 729 et
600 668 692 747 quasi
716 668 922 730 seminarimn
946 668 990 729 rei
1010 666 1173 747 publicae.
1220 664 1275 728 Se-

130 750 270 831 quuntur
293 753 429 815 fratrum
453 753 701 829 coniunctiones,
735 760 809 834 post
832 753 1095 817 consobrinorum
1130 754 1275 816 sobrino-

130 859 274 919 rumque,
298 840 352 919 qui
376 861 446 902 cum
471 861 534 902 una
566 840 660 902 domo
691 840 756 902 iam
780 841 851 921 capi
874 860 938 902 non
970 839 1103 919 possint,
1140 840 1172 902 in
1196 839 1276 902 alias

130 925 242 988 domos
276 931 442 1006 tamquam
464 927 497 987 in
520 925 661 989 colonias
696 933 821 989 exeunt.
868 926 1051 1006 Sequuntur
1085 926 1222 989 conubia
1245 930 1277 987 et

75 1012 77 1017 ’
130 1011 322 1079 adfinitates,
348 1013 525 1091 exquibus
554 1013 650 1074 ctiam
674 1013 783 1094 plnres
816 1012 996 1094 propinqui.
1036 1012 1124 1087 Quae
1158 1033 1276 1094 propa-

92 1115 118 1153 10
129 1098 216 1178 gatio
241 1104 273 1160 ct
286 1097 413 1161 suboles
438 1099 526 1180 origo
551 1103 600 1161 est
612 1120 720 1162 rerum
732 1099 944 1180 publicarum.
983 1097 1153 1179 Sanguinis
1169 1104 1277 1162 autom

130 1185 310 1247 coniunctio
336 1192 368 1247 et
390 1184 607 1248 benivolentia
631 1186 770 1248 (lovincit
798 1185 942 1248 homines
966 1195 995 1247 et
1011 1185 1165 1264 caritate3
1187 1206 1275 1263 mag·
1287 1189 1319 1238 55

129 1293 204 1334 num
228 1277 278 1333 θεῖ
301 1272 384 1333 onim
420 1272 534 1334 eadem
556 1271 679 1336 habore
713 1278 921 1335 monumenta
953 1271 1120 1349 maiorum,
1156 1271 1277 1334 eisdem

128 1358 175 1420 uti
199 1358 307 1433 saorla,
340 1358 487 1438 scpulcra
514 1358 635 1421 habere
667 1358 856 1421 communia.
904 1358 967 1422 Sed
1001 1359 1141 1421 onmium
1175 1358 1276 1420 socie·

127 1451 230 1508 tatum
254 1444 342 1506 nulla
364 1444 583 1525 praestantior
608 1451 666 1523 est,
702 1444 791 1507 nulla
824 1444 956 1523 firmior,
993 1466 1089 1524 quam
1124 1467 1195 1508 cnm
1218 1444 1276 1505 viri

91 1547 117 1585 1⁵
127 1532 203 1595 boni
226 1530 367 1593 moribus
392 1531 511 1593 similes
537 1536 610 1594 sunt
633 1531 854 1594 familiaritate
879 1531 1057 1609 coniuncti,
1089 1531 1168 1594 illud
1192 1532 1276 1592 enirn

127 1617 306 1694 honestum,
342 1617 428 1697 quod
462 1638 558 1698 saepe
594 1617 737 1693 dicimus,
774 1618 869 1681 etiam
894 1618 920 1681 si
952 1619 986 1680 in
1009 1617 1072 1680 alio
1108 1618 1275 1694 cernimus,

127 1711 236 1766 tamen
259 1724 317 1765 nos
340 1709 446 1765 movet
470 1710 566 1782 atque
591 1704 646 1777 illi,
670 1704 704 1765 in
727 1724 789 1783 quo
809 1704 843 1766 id
866 1705 971 1767 inesse
996 1704 1131 1780 videtur,
1157 1703 1276 1766 amicos

127 1790 213 1853 facit.
259 1789 302 1851 Et
325 1810 518 1869 quamquam
543 1791 645 1852 omnis
668 1790 768 1852 virtus
792 1811 850 1852 nos
873 1792 915 1854 ad
938 1811 972 1868 sc
989 1791 1101 1854 adlicit
1124 1787 1275 1869 facitque,
1287 1792 1329 1867 56,

126 1882 162 1938 nt
186 1896 239 1940 eos
264 1874 442 1955 diligamus
466 1876 499 1936 in
523 1877 638 1957 quibus
661 1876 732 1956 ipsa
755 1877 859 1939 inesse
891 1878 1048 1953 videatur,
1079 1885 1187 1940 tamen
1211 1876 1275 1938 ius-

90 1979 115 2014 2³
125 1964 199 2026 titia
222 1968 254 2024 θῖ
276 1961 452 2024 lilnnalitas
484 1963 516 2025 icl
540 1963 677 2026 maximo
714 1962 820 2025 elficit.
865 1964 952 2027 Nihil
975 1969 1082 2027 autem
1117 1970 1165 2026 θεῖ
1188 1983 1276 2025 ama-

126 2050 222 2113 bilius
245 2069 305 2110 nec
328 2049 508 2131 copulatius
544 2070 638 2130 quam
673 2071 799 2112 morum
835 2050 1011 2113 similitudo
1045 2051 1275 2127 bonorum31'n

127 2135 242 2216 quibus
267 2135 348 2197 eninr
375 2135 487 2197 eadem
512 2136 619 2199 studia
642 2142 725 2214 sunt,
752 2136 885 2199 eaodem
909 2136 1100 2213 voluntates,
1124 2138 1156 2199 in
1180 2136 1218 2198 iis
1239 2134 1276 2196 fit

125 2230 162 2285 ut
185 2243 286 2303 aeque
311 2221 444 2302 quisque
468 2222 570 2284 altero
596 2223 775 2285 delectetur
797 2244 834 2285 ac
848 2244 881 2286 se
904 2223 985 2304 ipso,
1010 2222 1210 2302 efficiturque
1232 2222 1275 2296 id,

128 2309 214 2389 quod
237 2306 434 2390 Pythagoras
469 2308 536 2370 vult
558 2308 591 2370 in
614 2309 767 2386 amicitia,
800 2316 835 2370 ut
857 2331 939 2372 unus
976 2307 1034 2370 fiat
1057 2331 1096 2372 ex
1118 2308 1274 2390 pluribus.

90 2409 116 2448 25
126 2394 243 2475 Magna
267 2395 363 2456 etiam
375 2394 431 2457 illa
455 2396 666 2457 communitas
679 2401 737 2458 θεῖ.
762 2416 845 2473 quae
868 2394 1036 2457 cordicitur
1050 2417 1088 2457 cx
1111 2394 1275 2458 berrcficiis

125 2481 210 2544 ultro
235 2486 267 2543 et
290 2481 370 2543 citro
405 2481 489 2543 datis
524 2482 682 2562 acceptis,
718 2502 800 2560 quae
825 2489 855 2544 et
880 2488 992 2543 mutua
1016 2489 1048 2544 et
1072 2487 1164 2561 grata
1200 2481 1275 2542 dum

126 2573 209 2646 sunt,
232 2567 316 2631 inter
340 2586 419 2648 quos
443 2589 482 2630 ea
505 2574 587 2646 sunt,
623 2566 715 2629 firma
740 2568 964 2631 devinciuntur
999 2566 1163 2630 societate.
1211 2566 1275 2629 Sed
1286 2569 1319 2618 57

55 2663 59 2671 '
127 2676 198 2716 cum
222 2655 328 2716 omnia
350 2654 475 2717 ratione
510 2655 680 2733 animoque
714 2654 872 2731 lustrariS,
907 2655 1048 2716 omnium
1084 2654 1275 2716 societatum

127 2740 215 2802 nulla
239 2746 288 2803 θεῖ
310 2739 446 2819 gravior,
471 2739 559 2802 nulla
584 2740 689 2802 carior
713 2761 808 2820 quam
833 2761 880 2819 ea,
906 2761 988 2820 quae
1013 2761 1131 2803 cumre
1146 2738 1276 2820 publica

89 2833 176 2888 aest
199 2827 253 2888 uni
277 2825 391 2906 cuique
415 2832 569 2888 nostrum.
608 2825 681 2888 Gari
705 2833 779 2888 sunt
803 2833 963 2906 parentes
988 2827 1054 2890 cari
1074 2826 1176 2904 liberi,
1200 2847 1273 2906 pro-

127 2913 247 2994 pinqui,
272 2913 456 2976 familiares.
493 2912 550 2975 sed
574 2932 685 2974 ornnes
721 2913 862 2975 omnium
897 2913 1049 2976 caritates
1083 2913 1190 2993 patria
1212 2932 1277 2974 una

129 2999 296 3079 complexa
319 3007 376 3085 cst,
400 3021 458 3080 pro
484 3019 547 3079 qua
571 2999 641 3079 quis
665 2999 768 3061 bonns
793 3000 919 3062 dubitet
941 3006 1078 3061 mortem
1112 3004 1275 3080 oppetere,

129 3086 154 3146 si
179 3086 208 3147 ei
229 3085 269 3146 sit
291 3086 500 3166 profuturus?
535 3085 603 3161 Quo
626 3091 675 3147 cst
688 3086 911 3149 detestabilior
935 3087 1070 3148 istorum
1093 3085 1275 3161 inmanitas,

129 3171 183 3250 qui
205 3170 391 3234 lacerarunt
414 3173 499 3234 omni
523 3172 643 3234 scelere
666 3172 806 3251 patriam
819 3177 851 3234 et
865 3172 897 3233 iu
911 3193 949 3234 ea
972 3171 1115 3234 funditus
1139 3169 1277 3233 delenda

90 3274 117 3314 ³5
129 3256 276 3337 occupati
300 3263 332 3319 et
365 3263 439 3320 sunt
470 3264 503 3319 et
533 3257 670 3323 fuerunt.
717 3257 780 3320 Sed
805 3258 831 3320 si
863 3259 1024 3320 contentio
1060 3257 1219 3337 quaedam
1244 3260 1320 3318 et58

129 3343 326 3424 comparatio
349 3341 415 3420 fiat,
440 3344 557 3424 quibus
580 3343 752 3424 plurimum
775 3343 978 3407 tribuendum
993 3344 1035 3407 sit
1058 3343 1163 3421 officii,
1188 3342 1275 3423 prin-

129 3430 215 3512 cipes
240 3429 303 3493 sint
326 3430 433 3511 patria
457 3435 489 3492 et
511 3436 673 3510 parcnteS,
699 3450 833 3510 quorum
856 3429 1020 3494 beneficiis
1048 3429 1195 3493 maximis
1220 3429 1276 3492 ob-

128 3517 219 3598 ligati
242 3539 359 3596 sumus,
395 3516 531 3599 proximi
555 3516 648 3579 liberi
672 3522 803 3596 totaque
828 3517 950 3596 domus
988 3538 1070 3598 quae
1094 3521 1220 3598 spectat
1242 3515 1276 3576 in

130 3625 188 3666 nos
211 3603 296 3666 solos
309 3625 412 3685 neque
436 3604 523 3667 aliud
535 3603 635 3666 ullum
647 3608 755 3684 potest
767 3603 886 3667 habere
910 3604 1100 3686 perfugium,
1125 3603 1276 3682 deinceps

220 3780 260 3828 11.
281 3785 304 3828 et
326 3780 390 3829 ante
409 3776 521 3826 caritate
538 3774 708 3842 Perizonius,
728 3773 804 3840 edd.;
824 3792 877 3827 om.
897 3774 976 3828 codd.
996 3805 1029 3812 —
1049 3777 1089 3826 17.
1108 3781 1193 3823 tamen
1212 3770 1275 3823 secl.

130 3863 235 3930 Unger,
257 3863 311 3930 Bt,
330 3863 391 3914 Ml*

183 3959 218 3997 De
237 3959 326 3997 officiis.
370 4012 373 4019 Ι
457 3998 460 4005 ,
816 4013 819 4018 .
876 3975 879 3979 ·
1174 3947 1189 3995 2
