2820 4178
131 142 171 202 56
589 137 639 190 DE
659 135 811 191 OFFIGIIS

131 314 216 376 enim
238 315 288 375 331
311 315 418 375 custos
450 309 671 375 diuturnitatis
706 316 811 375 metus
846 315 1023 392 contraque
1058 309 1275 375 benivolentia

86 398 234 464 2411113113
256 396 307 461 vel
337 396 379 460 ad
408 397 671 480 perpetuitatem.
717 396 782 461 Sed
804 397 853 476 113,
889 397 944 478 qui
966 397 997 460 11
1021 417 1192 480 oppressos
1214 398 1274 461 im·

129 487 219 567 perio
244 488 403 563 coercent,
438 483 481 547 sit
514 505 591 548 sane
626 483 812 549 adhibenda
846 483 990 565 saevitia,
1025 490 1062 548 ut
1085 485 1147 548 eris
1170 484 1204 547 in
1225 483 1274 548 fa·

128 572 242 649 11111133,
267 571 294 634 31
316 570 412 634 aliter
433 572 538 635 teneri
560 592 626 635 non
648 576 800 653 possunt3
831 571 887 653 qui
917 592 992 635 vero
1015 571 1049 635 in
1071 570 1175 636 libera
1198 571 1273 636 civi-

128 662 196 722 tate
219 657 266 722 ita
290 678 324 721 se
346 657 520 737 instruunt,
544 664 580 721 nt
601 663 796 737 metuantur,
828 657 868 722 iis
891 657 972 721 nihil
992 664 1101 740 potest
1123 679 1193 722 3333
1217 658 1296 723 de=s

128 745 277 808 mentina.
324 742 474 820 Quamvis
498 745 584 809 enim
607 746 671 808 sint
694 744 861 809 demersae
877 744 964 826 leges
988 745 1123 808 alicuius
1147 745 1271 827 opibus,

128 832 272 912 quamvis
295 830 462 894 timefacta
490 830 634 909 libertas,
667 837 835 913 emergunt
864 837 974 895 tamen
993 832 1074 895 haec
1097 831 1271 912 aliquando

128 923 184 982 aut
206 917 332 981 iudiciis
355 918 464 982 tacitis
488 924 545 982 aut
568 917 702 982 occultis
726 919 766 982 de
782 918 905 982 honore
928 917 1098 999 suffragiis.
1121 919 1272 983 Acriores

128 1012 236 1068 autem
270 1025 395 1069 morsus
430 1010 505 1067 sunt
542 1004 745 1070 intermissae
780 1004 941 1069 libertatis
983 1026 1080 1087 qnam
1113 1010 1270 1069 retentae.

128 1090 221 1167 Quod
242 1090 341 1174 igitur
363 1090 520 1155 latissime
551 1097 643 1173 patet
671 1112 775 1173 neque
807 1091 849 1155 ad
878 1092 1134 1156 incolumitatem
1157 1091 1270 1170 solum,
1281 1115 1308 1154 10

128 1179 185 1241 sed
209 1177 373 1242 etiamad
397 1197 475 1258 opes
499 1182 532 1242 31
553 1178 734 1261 potentiam
763 1178 851 1242 valet
880 1178 1063 1260 plurimum,
1094 1178 1128 1241 id
1148 1178 1270 1260 ample-

127 1272 260 1343 ctamur,
285 1270 321 1326 ut
336 1269 441 1328 metus
465 1265 559 1345 absit,
583 1266 701 1329 caritas
717 1265 906 1328 retineatur.
929 1264 980 1327 Ita
1002 1264 1163 1344 facillime,
1187 1285 1270 1346 qnae

125 1351 277 1429 volemus,
303 1357 336 1414 et
357 1351 490 1433 privatis
513 1353 546 1415 in
569 1353 665 1417 rebus
697 1357 730 1414 et
759 1351 850 1414 inre
873 1351 1004 1432 publica
1027 1371 1269 1433 consequemur.

125 1438 253 1501 Etenim
277 1438 332 1518 qni
354 1458 388 1502 33
411 1439 644 1517 metnivolent,
661 1438 812 1519 aquibus
832 1443 1025 1516 metuentnr,
1050 1439 1180 1502 eosdem
1203 1459 1269 1502 me-

81 1530 218 1589 1511111111
240 1525 303 1606 ipsi
325 1530 530 1589 1333333331.
555 1524 638 1602 Quid
662 1526 747 1588 enim
768 1545 933 1589 censemus
957 1525 1157 1607 superiorem
1179 1525 1270 1589 illum
1280 1546 1308 1587 rs

124 1613 312 1695 Dionysium
335 1632 398 1693 qno
423 1613 568 1676 cruciatu
580 1612 704 1677 timoris
717 1613 792 1694 angi
804 1612 945 1690 solitum,
969 1612 1024 1693 qni
1059 1611 1179 1676 cultros
1202 1632 1269 1676 mc-

123 1706 218 1764 tucns
240 1697 400 1762 tonsorios
413 1698 571 1762 candente
584 1700 723 1764 carbone
736 1699 797 1763 sibi
810 1699 968 1763 adurebat
992 1699 1168 1781 capillum?
1191 1698 1270 1780 quid

123 1786 341 1850 Alexandrum
356 1785 536 1849 Pheraeum
558 1806 622 1867 qno
639 1788 746 1851 animo
763 1786 878 1850 vixisse
902 1787 1120 1851 arbitramur?
1144 1786 1208 1866 qui,
1233 1791 1270 1848 nt

123 1874 279 1954 scripturn
293 1873 438 1954 legimus,
459 1893 532 1935 cum
549 1893 683 1938 uxorem
702 1873 833 1936 Theben
853 1872 1027 1937 admodum
1048 1872 1205 1954 diligeret,
1218 1878 1268 1935 ta-

124 1982 197 2024 men
209 1958 259 2023 'ad
275 1981 347 2024 eam
363 1979 402 2022 ex
418 1959 520 2041 epulis
535 1960 569 2022 in
584 1960 766 2025 cubiculum
781 1959 912 2023 veniens
931 1960 1114 2037 barbarum,
1140 1964 1172 2022 et
1196 1979 1269 2021 eum
1279 1983 1307 2021 ao

124 2047 264 2129 quidem,
280 2055 314 2108 nt
330 2045 485 2128 scriptum
501 2051 559 2126 est,
578 2052 805 2129 compunctum
819 2047 904 2109 notis
920 2045 1094 2123 Thraeciis,
1112 2044 1267 2108 destricto

124 2133 232 2215 gladio
254 2132 389 2197 iubebat
410 2134 534 2197 anteire
556 2133 851 2214 praemittebatque
887 2132 927 2195 de
958 2131 1168 2212 stipatoribus
1191 2130 1268 2209 suis,

123 2220 180 2302 qui
203 2224 424 2283 scrutarentur
446 2218 572 2283 arculas
588 2220 761 2285 muliebres
778 2225 819 2298 et,
844 2218 989 2298 nequod
1012 2218 1045 2281 in
1067 2216 1268 2281 vestimentis

123 2306 224 2370 telum
247 2305 473 2385 occultaretur,
506 2307 718 2386 exquirerent.
765 2304 976 2383 Omiserum,
1011 2304 1066 2385 qni
1087 2302 1268 2367 fideliorem

124 2400 157 2458 31
186 2392 360 2458 barbarum
390 2399 424 2456 et
453 2392 651 2475 stigmatiam
680 2397 812 2475 putaret
843 2411 939 2472 qnam
970 2391 1153 2471 coniugem!
1200 2390 1304 2454 Necas

124 2502 197 2544 eum
220 2479 350 2560 fefellit,
385 2479 426 2543 ab
460 2501 499 2544 ea
532 2486 582 2543 est
611 2481 695 2543 enim
729 2480 800 2561 ipsa
823 2484 958 2561 propter
979 2478 1138 2560 pelicatus
1162 2478 1267 2559 suspi-

123 2567 248 2632 cionem
271 2566 470 2630 interfectns.
492 2566 560 2630 Nee
583 2588 658 2632 vero
681 2567 748 2631 ulla
770 2566 816 2630 vis
832 2565 961 2648 imperii
983 2571 1077 2630 tanta
1100 2570 1159 2644 est,
1183 2584 1266 2646 quae

80 2659 291 2737 aspramente
321 2658 410 2716 metu
443 2653 547 2736 possit
581 2675 652 2719 3333
686 2654 846 2719 diuturna.
892 2653 997 2718 Testis
1028 2658 1078 2717 331
1108 2650 1266 2729 Phalaris,

124 2741 213 2804 3111113
237 2746 286 2803 331
309 2746 439 2821 praeter
472 2746 598 2806 ceteros
631 2741 804 2807 nobilitata
841 2740 1025 2819 crudelitas,
1061 2739 1203 2821 quinon
1227 2759 1267 2801 ex

122 2827 247 2891 insidiis
269 2827 402 2906 interiit,
435 2833 471 2891 ut
504 2828 541 2906 is,
576 2848 673 2909 quem
706 2829 803 2893 modo
835 2828 909 2906 dixi,
940 2826 1134 2904 Alexander,
1158 2845 1223 2889 non
1246 2845 1304 2888 aso

123 2914 245 2996 paucis,
268 2919 305 2976 nt
326 2913 379 2977 hic
401 2920 520 2994 noster,
556 2914 614 2978 sed
637 2915 670 2978 in
693 2936 789 2997 quem
811 2915 961 2977 universa
982 2911 1266 2993 Agrigentinorum

122 3001 296 3066 multitudo
318 3000 475 3082 impetum
494 3001 580 3065 fecit.
604 3000 711 3078 Quid?
734 3001 928 3065 Macedones
944 3020 1049 3063 nonne
1065 2998 1265 3062 Demetrium

122 3087 322 3169 reliquerunt
354 3088 558 3169 universique
593 3109 627 3152 33
662 3089 704 3151 ad
728 3087 885 3171 Pyrrhum
907 3085 1136 3151 contulerunt?
1159 3083 1266 3162 Quid?

122 3173 396 3238 Lacedaemonios
418 3175 535 3238 iniuste
558 3175 755 3258 imperantes
777 3194 883 3238 nonne
907 3179 1040 3257 repente
1064 3191 1175 3236 omnes
1197 3171 1265 3235 1313

123 3261 202 3325 33311
226 3261 443 3338 deseruerunt¹
460 3266 723 3344 spectatoresque
739 3281 774 3324 se
790 3262 911 3325 otiosos
934 3260 1153 3342 praebuerunt
1164 3257 1303 3322 Leuc-as

94 3347 223 3423 atricae
254 3347 472 3412 calamitatis?
516 3348 660 3412 Externa
688 3348 841 3413 libentius
870 3348 905 3411 in
934 3346 992 3410 tali
1022 3368 1057 3410 re
1089 3367 1185 3427 quam
1209 3345 1265 3409 do·

121 3435 257 3498 mestica
279 3435 441 3499 recordor.
486 3435 606 3500 Verum
635 3442 755 3515 tamen,
790 3456 887 3516 quam
922 3434 978 3497 diu
1012 3433 1183 3514 imperium
1206 3452 1261 3512 po-

121 3521 189 3603 puli
211 3521 348 3585 Romani
371 3521 535 3586 beneficiis
558 3522 738 3599 tenebatur,
762 3542 827 3585 non
849 3520 984 3599 iniuriis,
1018 3520 1106 3584 bella
1128 3528 1183 3582 aut
1205 3539 1264 3601 pro

121 3607 218 3672 sociis
241 3613 298 3672 ant
321 3607 361 3672 de
384 3609 519 3691 imperio
543 3608 746 3691 gerebantur,
782 3609 887 3673 exitus
911 3612 1004 3672 erant
1026 3607 1186 3672 bellorum
1209 3611 1266 3670 aut

122 3736 328 3746 ——a-—m

209 3784 233 3834 3.
253 3789 282 3832 311
299 3781 351 3832 eris
368 3780 471 3849 Baiter,
490 3782 553 3848 Ml.;
572 3780 655 3833 uteris
672 3781 704 3850 L,
724 3788 753 3832 ut
771 3781 835 3832 eriis
844 3781 876 3845 B,
894 3788 965 3832 utere
983 3780 1037 3831 biis
1049 3779 1083 3846 H,
1102 3788 1173 3830 utere
1185 3778 1263 3845 1131),

18 3896 23 3903 ·
109 3874 227 3913 alantur
242 3867 284 3915 ezir
300 3885 321 3918 c.
344 3897 378 3906 —
396 3872 420 3921 5.
442 3868 584 3922 iiseadem
595 3885 679 3920 manu
690 3885 760 3922 corr.
772 3885 807 3922 ex
819 3869 872 3920 11113
882 3869 908 3935 b,
922 3867 998 3932 edd,
1011 3867 1053 3918 bic
1065 3867 1158 3933 BHL,
1172 3866 1226 3932 11113
1239 3882 1263 3919 3.
