2820 4178
438 169 506 221 ιιιι.
525 168 559 222 ιι.
598 168 673 222 ear.
695 173 804 223 17-19.
842 169 987 239 ¹§sa-us.
1248 178 1287 236 aa

142 343 349 424 benignitatis
383 343 546 423 largitioni
579 364 747 407 munerum
779 344 874 424 longe
909 348 1087 426 antep0n03
1123 344 1203 408 haee
1239 351 1288 409 θεῖ

141 431 285 510 gravium
306 429 471 493 hominum
494 436 592 511 atque
614 451 812 511 magnorum,
843 429 900 494 illa
923 431 1016 511 quasi
1042 432 1287 495 adsentatorum

140 516 251 599 populi
266 516 479 580 multitudinis
494 516 658 580 levitatem
673 516 838 598 voluptate
855 520 948 597 quasi
969 517 1178 582 titillantium.
1203 517 1285 581 Con·
1299 529 1332 582 ol

141 604 247 666 veniet
269 608 378 667 autem
401 623 473 665 cum
495 603 528 665 in
552 603 659 667 dando
682 602 867 668 munificum
891 624 970 681 esse,
993 609 1062 668 tum
1077 605 1110 667 in
1127 605 1285 686 exigendo

116 710 204 753 anon
227 690 379 753 acerbum
401 689 434 752 in
458 691 607 770 omnique
630 710 665 752 re
689 689 919 769 contrahenda,
943 690 1285 770 vendend0,·emend0,
1369 725 1372 733 v

141 776 357 854 conducendo,
374 775 520 855 locando,
535 776 752 839 vicinitatibus
769 783 801 838 et
817 775 962 840 confiniis
979 797 1127 858 aequum,
1147 776 1285 857 facilem,

123 925 126 929 ,
139 863 242 927 multa
253 863 361 926 multis
375 863 414 925 de
427 883 483 926 suo
496 864 565 925 iure
578 862 755 941 cedentem,
767 883 786 926 a
797 862 909 926 litibus
922 883 1007 941 vero,
1022 869 1177 943 quantum
1188 863 1286 944 liceat

140 957 173 1013 θῖ
194 950 302 1015 neseio
326 970 366 1013 an
397 948 494 1029 paulo
528 948 600 1030 plus
635 949 742 1029 etiam,
778 970 874 1030 quam
907 948 1014 1026 liceat,
1046 949 1285 1013 abhorrentem.

139 1036 198 1098 Est
221 1037 306 1099 enim
328 1055 393 1097 non
415 1035 512 1098 modo
542 1034 676 1100 liberale
706 1036 838 1117 paulum
869 1057 933 1100 non
963 1056 1139 1117 numquam
1162 1036 1202 1100 de
1227 1058 1284 1100 suo

102 1122 207 1184 roiure
244 1121 410 1199 decedere,
446 1121 502 1184 sed
537 1122 699 1186 interdum
734 1123 832 1186 etiam
869 1122 1078 1186 fructuosum.
1126 1122 1284 1186 Habenda

140 1213 247 1272 autem
277 1209 360 1271 ratio
386 1208 504 1271 estrei
537 1208 714 1287 familiaris,
746 1229 843 1290 quam
878 1209 1009 1289 quidem
1043 1208 1144 1273 dilabi
1179 1209 1283 1272 sinere

139 1293 332 1376 flagitiosum
364 1300 421 1374 θεῖ,
453 1294 511 1358 sed
533 1296 589 1374 ita,
620 1302 656 1358 ut
678 1294 874 1359 inliberalita
876 1298 917 1359 tis
948 1296 1167 1376 avaritiaeque
1199 1294 1285 1358 absit

139 1381 295 1462 suspici03
317 1401 412 1462 posse
435 1381 519 1443 enim
541 1345 718 1444 lilieralitat
668 1386 737 1444 tte
760 1382 894 1445 utinen
918 1381 1110 1462 spoliantem
1135 1402 1171 1445 εθ
1184 1387 1242 1463 pat
1243 1383 1286 1445 ri-

138 1468 246 1531 monio
269 1467 419 1531 nimirum
442 1473 492 1530 est
514 1469 669 1551 pecuniae
692 1467 777 1530 fruet
763 1473 815 1531 tus
845 1468 1011 1531 maximus
1056 1468 1220 1531 Rectet
1188 1469 1286 1532 etiam

102 1575 159 1617 rsa
181 1553 403 1636 Theophrasto
438 1559 487 1617 est
473 1554 650 1618 ttlaudaa
616 1554 791 1635 thospit
777 1554 907 1620 talitas
942 1554 1001 1618 Est
1024 1556 1118 1632 enim
1150 1559 1186 1617 ut
1208 1554 1286 1619 mihi

139 1642 268 1738 quidem
291 1640 378 1704 videt
365 1647 426 1718 tur
460 1639 553 1704 valde
584 1641 736 1704 decorum
770 1647 882 1721 patere
903 1640 1016 1704 domus
1049 1640 1247 1704 hominum
1237 1662 1286 1704 ιιι-

138 1726 228 1790 lust
190 1732 285 1790 tuum
307 1727 416 1807 hospit
402 1690 488 1790 tibus
512 1726 610 1790 inlust
597 1727 708 1804 tribus,
739 1728 836 1807 idque
868 1727 966 1790 etiam
988 1727 1036 1790 rei
1059 1727 1208 1808 publicae
1232 1733 1284 1791 θεῖ
1386 1797 1388 1801 Α

140 1819 338 1888 ornamento,
361 1813 506 1876 homines
530 1819 679 1877 externos
702 1812 763 1876 hoe
785 1813 990 1878 liberalitatis
1015 1835 1131 1895 genere
1154 1814 1188 1876 in
1204 1813 1283 1878 urbe

138 1907 251 1963 nostra
272 1920 337 1962 uon
360 1921 463 1981 egere.
491 1899 550 1962 Est
572 1905 681 1963 autem
704 1900 803 1963 etiam
824 1899 1032 1963 vehementer
1053 1900 1132 1963 utile
1155 1900 1204 1978 iis,
1229 1901 1284 1980 qui

100 1986 273 2049 achoneste
302 2007 397 2066 posse
431 1985 567 2049 multum
600 1986 719 2065 volunt,
754 2007 813 2067 per
845 1986 989 2067 hospites
1013 1987 1100 2067 apud
1134 1993 1284 2050 externos

138 2073 274 2159 populos
296 2072 403 2135 valere
427 2072 541 2155 opibus
564 2077 596 2136 e
618 2036 732 2153 gratia.
756 2072 996 2155 Theophrastus
1020 2074 1150 2154 quidem
1173 2073 1286 2137 scribit

140 2155 305 2224 Cimonem
320 2160 362 2222 At
363 2159 511 2223 henist
478 2159 576 2223 etiam
592 2160 624 2222 in
648 2181 722 2224 suos
746 2159 882 2224 curiales
905 2149 1066 2224 Laciadas
1091 2159 1232 2242 hospita
1234 2180 1284 2223 em

139 2245 253 2326 fuissem
287 2247 334 2309 ita
357 2247 441 2310 enim
475 2246 653 2310 instituisse
684 2253 717 2310 et
739 2246 882 2310 vilicis
874 2247 1091 2328 imperavisse,
1118 2253 1155 2309 ut
1178 2246 1286 2310 omnia

139 2333 379 2413 praeberentur.
405 2333 597 2414 quicumque
621 2333 800 2398 Laciades
792 2355 825 2395 ιιι
840 2333 948 2395 villam
971 2354 1062 2397 suam
1086 2334 1331 2457 devertisset19

101 2442 129 2480 aa
226 2418 314 2495 Quae
357 2425 413 2481 aut
416 2440 466 2481 em
504 2441 612 2501 opera,
645 2440 709 2483 nou
742 2419 912 2500 largitione
958 2419 1115 2482 beneficia
1157 2419 1236 2482 dan
1223 2402 1331 2497 ur,
1295 2474 1328 2525 65

139 2504 220 2568 haee
242 2513 311 2568 tum
332 2505 366 2567 in
389 2506 569 2568 universam
592 2526 660 2568 rem
683 2506 855 2587 publicam
886 2511 955 2567 tum
977 2505 1011 2568 in
1034 2504 1175 2585 singulos
1199 2505 1284 2568 cives

141 2590 307 2654 conferunt
294 2598 354 2653 t.ur
399 2591 514 2654 Nam'
505 2612 538 2653 m
561 2592 629 2654 iure
653 2612 775 2669 cavere
804 2591 969 2654 consilio
961 2612 1069 2654 iuvare
1103 2596 1200 2672 atque
1223 2591 1284 2654 hoc

140 2677 294 2739 scientiae
322 2698 439 2758 genere
469 2677 623 2758 prodesse
654 2699 751 2759 quam
779 2677 925 2758 plurimis
956 2677 1125 2741 vehement
1112 2682 1219 2741 ttere
1205 2677 1285 2742 tad

140 2783 218 2844 opes
252 2763 415 2844 augendas
449 2764 591 2845 pertinet
614 2763 712 2827 etad
735 2765 882 2845 gratiam.
928 2764 1042 2846 ltaque
1074 2785 1146 2828 cum
1180 2764 1284 2828 multa

101 2871 128 2910 so
138 2848 307 2930 praeclara
330 2851 496 2929 maiorum,
532 2856 601 2913 tum
623 2850 710 2930 quod
733 2852 853 2932 optime
884 2851 1051 2915 constituti
1080 2851 1158 2914 iuris
1182 2850 1283 2915 civilis

139 2958 262 3000 summo
296 2957 423 3017 semper
445 2937 620 3001 inhonore
643 2936 704 3000 fuit
737 2937 877 3018 cognitio
909 2943 1006 3018 atque
1040 2937 1282 3020 interpretatio;

139 3044 235 3103 quam
258 3022 388 3103 quidem
411 3031 485 3087 aute
501 3023 585 3087 hanc
600 3023 818 3087 confusionem
834 3029 1016 3105 temporum
1032 3025 1064 3087 in
1079 3025 1282 3105 possessione

139 3130 198 3172 sua
219 3110 381 3190 principes
404 3111 616 3188 retinuerunt,
639 3131 734 3188 nunc,
757 3115 794 3172 ut
815 3109 963 3186 honores,
986 3117 1023 3173 ut
1046 3131 1155 3174 omnes
1180 3110 1283 3191 digni·

139 3197 216 3258 tatis
239 3195 366 3275 gradus,
392 3196 437 3259 sie
460 3197 553 3260 huius
588 3197 741 3260 scientiae
777 3195 929 3277 splendor
952 3196 1078 3260 deletus
1104 3203 1162 3275 est,
1185 3197 1283 3278 idque

100 3302 177 3344 eaeo
201 3282 371 3362 indignius
395 3283 482 3362 quod
499 3303 535 3346 eo
559 3288 705 3364 tempore
728 3282 789 3346 hoe
812 3283 956 3363 contigit,
981 3305 1053 3346 eum
1068 3284 1096 3347 is
1112 3289 1206 3361 esset,
1229 3283 1284 3364 qui

140 3389 250 3431 omnes
285 3368 476 3449 superiores,
512 3370 626 3450 quibus
660 3369 781 3433 honore
812 3375 989 3450 parasset,
1025 3370 1160 3433 scientia
1188 3369 1283 3434 facile

140 3455 277 3518 vicisset.
322 3455 412 3519 Haec
433 3456 533 3538 igitur
554 3477 653 3537 opera
675 3462 769 3537 grata
792 3456 901 3519 multis
925 3463 958 3519 et
973 3457 1015 3520 ad
1038 3455 1202 3520 beneficiis
1226 3456 1283 3520 ob-

141 3541 344 3622 stringendos
366 3541 513 3606 homines
537 3543 791 3607 accommodata.
836 3543 942 3623 Atque
964 3541 1039 3606 huic
1062 3544 1125 3606 arti
1147 3541 1284 3606 finitima
1296 3553 1330 3605 66

230 3718 251 3766 1.
272 3709 449 3782 longe'ch,
468 3714 638 3782 Lactantius,
658 3714 734 3781 edd.;
754 3731 808 3768 om.
827 3714 920 3768 BHb.
937 3717 1021 3766 -11.
1038 3714 1125 3765 dilabi
1143 3713 1199 3780 Lo,
1219 3714 1283 3781 Ml.;

140 3801 230 3851 delabi
247 3801 333 3856 BHb
353 3801 412 3870 (p‘l)
429 3801 473 3854 Bt.
484 3805 569 3854 -22,
581 3800 690 3853 Attenia
703 3788 767 3854 sedl.
777 3801 874 3868 Heme,
893 3801 936 3853 Bt.
950 3832 980 3840 -
993 3801 1126 3852 Laciadas
1145 3803 1210 3854 secl.
1229 3818 1284 3853 van

141 3886 196 3939 den
212 3888 260 3958 Es,
279 3888 324 3940 Bt.
342 3917 377 3927 -
395 3891 437 3943 27.
457 3889 564 3940 coasilio
578 3889 673 3941 iuvare
691 3889 758 3942 secl.
774 3887 1062 3954 hlutherffltqhw
