2820 4178
422 165 490 219 nra.
509 167 543 219 11.
581 165 657 231 cnr.
678 169 786 220 io-m.
823 165 968 237 §ac-42.
1226 171 1264 232 61
1318 120 1322 125 ⁴

126 337 264 420 negotiis
286 337 503 419 implicantur,
540 338 663 402 iustitia
697 338 739 402 ad
772 359 841 402 rem
875 339 1049 421 gerendam
1083 340 1269 405 necessaria

127 431 187 504 est,
211 427 300 489 ouius
323 430 416 488 tanta
437 425 485 488 vis
508 431 566 504 est,
598 431 635 488 ut
664 447 704 489 ne
734 424 782 488 illi
813 427 951 507 quidem,
976 426 1030 508 qui
1053 426 1211 491 maleficio
1235 433 1268 491 et

61 594 65 601 .
128 511 249 576 scelere
271 517 455 593 pascuntur,
480 513 605 595 possint
629 513 696 576 sine
719 511 785 576 ulla
805 513 965 595 particula
986 514 1129 577 iustitiae
1152 516 1267 578 vivere.

126 598 210 662 Nam
233 600 287 680 qui
311 620 420 662 eorum
444 599 593 681 cuipiam,
628 601 683 681 qui
705 619 771 662 una
792 600 1035 678 latrocinantur,
1060 600 1187 664 furatur
1209 601 1267 664 ali·

103 686 206 768 oquid
229 692 287 749 aut
310 687 415 767 eripit,
450 687 477 751 is
512 687 573 750 sibi
607 708 647 750 ne
681 687 714 748 in
748 686 918 750 latrocinio
952 688 1082 768 quidem
1116 687 1269 769 relinquit

126 773 242 852 locum,
265 773 320 837 ille
351 777 469 851 autem,
504 774 560 854 qui
591 772 790 854 archipirata
813 773 939 850 dicitur,
970 775 1033 836 nisi
1056 773 1268 854 aequabiliter

126 861 281 944 praedam
304 860 485 942 dispertiat,
511 866 568 924 aut
589 859 803 924 interficiatur
819 881 838 923 a
854 860 949 924 sociis
972 866 1029 925 aut
1051 860 1267 942 relinquatur3

126 948 324 1028 quinetiam
358 947 444 1029 leges
477 947 639 1010 latronum
674 966 744 1011 esse
779 947 938 1025 dicuntur,
974 947 1089 1028 quibus
1122 952 1266 1028 pareant.

127 1055 206 1116 quas
231 1035 410 1098 observent.
456 1032 570 1114 Itaque
600 1039 734 1116 propter
766 1033 969 1115 aequabilem
1003 1034 1144 1115 praedae
1167 1033 1267 1116 parti-

88 1143 115 1182 11
125 1122 246 1184 tionem
270 1126 303 1183 et
324 1120 475 1183 Bardulis
497 1119 623 1202 Illyrius
638 1121 732 1199 latro,
758 1120 797 1184 de
821 1141 883 1201 quo
908 1126 958 1184 est
979 1120 1067 1202 apud
1090 1119 1268 1202 Theopom-

125 1229 212 1289 pum,
235 1227 369 1288 magnas
393 1227 470 1288 opes
493 1206 606 1272 habuit
639 1213 671 1271 et
705 1207 806 1270 multo
829 1205 968 1270 maiores
990 1206 1156 1271 Viriathus
1179 1207 1268 1269 Lusi·
1300 1276 1303 1286 ¹

125 1302 237 1375 tanus3
263 1295 314 1358 cui
337 1294 467 1374 quidem
491 1294 588 1357 etiarn
605 1295 765 1358 exercitus
780 1295 883 1357 nostri
899 1294 1176 1375 imperatoresque
1200 1312 1268 1369 ces·
1373 1318 1375 1327 ¹

127 1386 253 1461 semna
288 1401 382 1462 quem
407 1379 440 1444 O.
464 1380 604 1460 Laelius,
638 1383 745 1463 isqui
772 1380 907 1461 Sapiens
930 1386 1113 1462 usurpatur,
1137 1387 1269 1463 praetor
1305 1385 1308 1391 '

126 1469 222 1549 fregit
245 1473 277 1531 et
301 1467 488 1531 comminuit
508 1467 776 1548 ferocitatemque
807 1467 874 1531 eius
905 1467 953 1530 ita
975 1469 1139 1552 repressit,
1162 1473 1199 1530 ut
1221 1466 1269 1529 fa·
1358 1476 1359 1481 ’

89 1555 186 1618 11111111
210 1554 330 1618 bellum
351 1553 483 1635 reliquis
513 1555 666 1618 traderet.
714 1554 793 1618 Cum
816 1555 914 1635 igitur
942 1559 1036 1618 tanta
1057 1555 1104 1618 vis
1127 1554 1268 1617 iustitiae

127 1642 177 1718 sit,
201 1647 238 1704 ut
261 1662 300 1704 ea
323 1641 421 1704 etiam
444 1639 606 1705 latronum
629 1663 706 1724 opes
732 1640 840 1705 firmet
874 1647 971 1722 atque
1007 1646 1133 1722 augeat,
1168 1661 1269 1721 quan-

126 1734 194 1791 tam
218 1728 286 1790 eius
307 1727 371 1790 uim
394 1727 479 1790 inter
500 1727 588 1810 leges
605 1734 638 1792 et
652 1728 772 1792 iudicia
788 1734 820 1793 ot
835 1728 868 1791 in
885 1727 1060 1791 constituta
1082 1748 1117 1790 re
1139 1726 1270 1808 publica

127 1814 195 1877 fore
219 1812 393 1894 putamus?
437 1813 517 1878 Mihi
540 1815 669 1896 quidem
693 1836 757 1878 non
781 1814 867 1895 apud
889 1814 1003 1877 Medos
1027 1813 1140 1890 solum,
1163 1818 1200 1876 ut
1222 1789 1314 1914 aitff

126 1900 320 1976 Herodotus
346 1901 403 1965 sed
426 1902 523 1965 etiam
543 1901 630 1982 apud
644 1901 783 1964 maiores
798 1906 926 1964 nostros
948 1900 1091 1964 iustitiae
1114 1900 1268 1963 fruendae

89 2008 225 2051 aocausa
247 1987 397 2052 videntur
419 1987 495 2051 olim
518 1987 599 2050 bene
622 1988 741 2051 morati
762 2008 856 2068 reges
879 1988 1055 2051 constituti.
1091 1986 1174 2050 Nam
1197 2007 1269 2049 cum

126 2080 330 2156 premeretur
351 2075 444 2156 inops
466 2073 638 2138 multitudo
670 2075 711 2138 ab
746 2075 794 2155 iis,
830 2074 885 2156 qui
907 2075 1047 2138 maiores
1070 2095 1147 2156 opes
1169 2072 1268 2137 habe-

126 2161 215 2241 bant,
240 2162 281 2225 ad
315 2182 412 2223 unum
447 2160 588 2241 aliquem
620 2161 849 2244 confugiebant
881 2161 1000 2224 uirtute
1033 2166 1267 2242 praestantem3

127 2249 183 2329 qui
206 2271 278 2312 oum
300 2246 488 2328 prohiberet
509 2248 627 2313 iniuria
658 2249 832 2313 tenuiores.
857 2247 1021 2329 aequitate
1045 2247 1270 2311 constituenda

127 2356 269 2399 summos
292 2355 364 2398 cum
386 2333 504 2397 infimis
534 2335 606 2418 pari
635 2336 704 2399 iure
726 2335 896 2399 retinebat.
941 2333 1127 2416 Eademque
1152 2334 1269 2397 consti-

89 2441 116 2481 11
127 2421 320 2485 tuendarum
343 2421 451 2503 legum
473 2420 535 2484 fuit
558 2442 664 2495 causa,
688 2442 770 2502 quae
794 2442 915 2502 regum.
960 2421 1013 2483 lus
1036 2423 1120 2484 enim
1143 2429 1312 2502 semper42

129 2512 179 2571 est
201 2507 382 2586 quaesitum
405 2507 592 2588 aequabile3
615 2529 719 2589 neque
744 2508 828 2572 enim
851 2509 948 2572 aliter
971 2513 1057 2571 esset
1077 2509 1136 2570 ius.
1181 2507 1219 2569 Id
1243 2507 1269 2569 si
1359 2522 1360 2527 ’

129 2593 169 2656 ab
193 2614 256 2655 uno
290 2594 375 2655 iusto
410 2599 443 2656 et
476 2593 561 2657 bono
592 2593 659 2658 uiro
692 2595 981 2675 consequebantur,
1017 2600 1109 2657 erant
1132 2615 1169 2657 eo
1194 2614 1269 2656 con-

127 2679 228 2758 tenti3
251 2700 323 2742 cum
346 2679 380 2742 id
401 2680 506 2743 minus
530 2680 740 2762 contingeret,
775 2682 863 2762 leges
895 2687 969 2745 sunt
997 2681 1155 2758 iuventae,
1188 2701 1269 2760 quae

129 2787 201 2830 oum
235 2766 383 2830 omnibus
417 2786 544 2848 semper
578 2788 643 2831 una
676 2772 773 2848 atque
808 2769 920 2832 eadem
939 2777 1028 2831 'uoce
1052 2767 1269 2848 loquerentur.

91 2881 118 2922 11
128 2852 213 2934 Ergo
236 2852 297 2916 hoc
320 2853 450 2934 quidem
472 2854 677 2935 perspicuum
701 2860 758 2931 est,
784 2875 838 2918 eos
862 2856 904 2918 ad
927 2853 1150 2936 imperandum
1174 2853 1270 2934 deligi

128 2940 250 3019 solitos,
274 2960 410 3021 quorum
441 2940 481 3004 de
511 2940 635 3004 iustitia
666 2962 783 3022 magna
806 2947 892 3004 esset
914 2941 1021 3023 opinio
1045 2940 1269 3004 multitudinis.

127 3027 289 3092 Adiuncto
311 3034 397 3106 uero,
431 3033 467 3092 ut
501 3027 588 3091 idem
622 3027 720 3091 etiarn
755 3028 930 3108 prudentes
960 3028 1166 3107 haberentur,
1189 3025 1269 3088 nihil

129 3120 209 3193 erat,
233 3114 320 3195 quod
342 3113 487 3179 homines
510 3115 549 3178 iis
573 3114 758 3178 auctoribus
780 3136 845 3178 non
866 3134 961 3196 posse
985 3115 1137 3195 consequi
1160 3133 1194 3176 se
1218 3134 1268 3175 ar-

128 3202 334 3267 bitrarentur.
380 3199 475 3264 Omni
503 3201 602 3282 igitur
642 3203 768 3265 ratione
792 3201 927 3265 colenda
955 3207 988 3264 et
1019 3200 1190 3265 retinenda
1220 3199 1268 3261 iu-

91 3315 118 3355 ss
129 3288 218 3352 stitia
241 3293 290 3350 est
313 3308 385 3350 cum
408 3287 479 3369 ipsa
501 3309 559 3369 per
589 3308 659 3352 sese
692 3291 780 3371 (nam
810 3287 904 3351 aliter
927 3287 1049 3351 iustitia
1071 3309 1135 3351 non
1159 3286 1267 3370 esset),

128 3379 197 3438 tum
219 3379 353 3454 propter
376 3371 659 3454 amplificationem
692 3375 823 3439 honoris
848 3381 880 3438 et
902 3373 1032 3455 gloriae.
1067 3373 1131 3437 Sed
1153 3381 1190 3437 ut
1212 3394 1268 3453 pe-

130 3461 243 3524 cuniae
266 3481 330 3524 non
354 3461 558 3540 quaerendae
588 3463 692 3526 solum
722 3463 806 3525 ratio
834 3466 893 3540 est,
915 3481 1025 3523 verum
1049 3459 1146 3522 etiam
1170 3459 1268 3523 collo-

130 3547 262 3626 candae,
286 3568 369 3629 quae
392 3553 567 3643 perpetuos
597 3555 744 3631 sumptus
775 3548 969 3631 suppeditet,
1004 3567 1064 3610 nec
1087 3545 1190 3609 solum
1212 3567 1267 3608 ne-

218 3726 258 3776 10.
283 3723 351 3773 latro
376 3719 439 3774 secl.
464 3721 508 3774 Bt.
527 3751 561 3760 —
585 3724 627 3774 21.
651 3721 729 3786 inope
754 3720 863 3774 codices
882 3719 1043 3787 deteriores,
1062 3718 1138 3784 edd.;
1163 3718 1192 3767 iu
1217 3718 1268 3767 otio

128 3807 187 3860 ΒΗ
198 3809 252 3877 bp,
277 3809 358 3860 inicio
383 3826 406 3861 c.
427 3836 459 3847 -
477 3810 519 3862 24.
537 3809 635 3873 infimis
652 3825 675 3870 c,
701 3807 777 3873 edd.;
797 3808 910 3872 infirmia
927 3808 986 3875 Bb¹
1005 3806 1123 3869 infirmos
1141 3804 1210 3854 iu-
1228 3820 1272 3849 ce-

128 3897 225 3953 sinebar
244 3914 267 3962 c,
286 3897 362 3963 edd.;
375 3897 528 3962 pertinebat
546 3895 634 3968 Bhp,
651 3895 826 3964 pertinebant
837 3897 874 3949 b.
