2820 4178
505 1108 547 1173 M.
570 1109 696 1174 TULLI
720 1107 940 1175 CICERONIS

432 1307 533 1390 DE
587 1307 1003 1393 oratoris

548 1509 660 1564 LIBER
680 1509 879 1567 SECUNDUS.

661 1672 766 1680 —-—-—.

1300 1764 1316 1818 1
1400 1772 1402 1777 ,

232 1788 333 1865 Quem
357 1789 399 1852 ad
422 1789 553 1853 modum
577 1789 684 1855 officia
707 1789 902 1854 ducerentur
918 1791 959 1856 ab
974 1789 1155 1869 honestate,
1179 1790 1313 1886 Marcel
1375 1868 1378 1875 Ι

143 1875 199 1955 fiii,
228 1883 325 1958 atque
348 1875 390 1940 ab
414 1877 500 1941 omni
522 1898 640 1956 genere
663 1877 800 1956 virtutis,
829 1879 907 1942 satis
931 1878 1125 1959 explicatum
1149 1878 1290 1942 arbitror

143 1962 226 2028 libro
251 1963 425 2044 superiore.
470 1962 630 2044 Sequitur,
664 1972 701 2027 ut
734 1963 814 2027 haec
839 1963 1017 2029 officiorum
1039 1985 1158 2046 genera
1180 1985 1284 2046 perse·

144 2070 235 2131 quar,
260 2071 341 2133 quae
364 2051 529 2131 pertinent
560 2055 602 2117 ad
630 2052 716 2115 vitae
747 2051 868 2115 cultum
903 2058 936 2115 et
965 2053 1007 2115 ad
1039 2073 1148 2115 earum
1170 2071 1288 2129 rerum,

104 2161 117 2200 5
144 2138 260 2217 quibus
283 2143 418 2201 utuntur
440 2139 596 2218 homines,
632 2138 829 2215 facultatem,
865 2138 906 2201 ad
930 2160 1017 2219 opes,
1042 2139 1083 2201 ad
1107 2139 1233 2220 copias,
1256 2139 1289 2200 in
1341 2200 1343 2205 ,

144 2243 206 2304 quo
230 2229 299 2287 tum
323 2225 435 2304 quaeri
459 2226 534 2304 dixi,
552 2227 630 2308 quid
646 2225 734 2303 utile,
760 2225 837 2306 quid
854 2225 976 2303 inutile,
1000 2230 1069 2288 tum
1093 2246 1132 2288 ex
1153 2224 1288 2289 utilibus

143 2311 221 2390 quid
243 2310 355 2374 utilius
386 2316 442 2374 aut
473 2313 550 2392 quid
580 2312 719 2377 maxime
747 2311 834 2375 utile.
880 2311 928 2374 De
960 2312 1075 2391 quibus
1099 2312 1207 2375 dicere
1230 2311 1286 2375 ad-

143 2396 281 2477 grediar,
306 2399 332 2460 si
354 2418 460 2478 pauca
482 2399 570 2479 prius
589 2400 629 2463 de
645 2400 793 2461 instituto
817 2419 855 2460 ae
871 2396 911 2460 de
927 2399 1046 2461 iudicio
1069 2419 1141 2461 meo
1165 2399 1286 2461 dixero,
1377 2418 1379 2425 ·

231 2483 432 2563 Quamquam
456 2486 541 2548 enim
575 2486 649 2549 libri
683 2485 786 2548 nostri
821 2483 1001 2565 complures
1032 2505 1094 2546 non
1124 2485 1221 2548 modo
1244 2484 1313 2547 ad2
1372 2536 1376 2543 .

104 2568 282 2648 relegendi,
307 2570 364 2632 sed
387 2571 486 2634 etiam
508 2572 550 2634 ad
568 2571 729 2636 scribendi
752 2572 893 2634 studium
925 2572 1154 2648 excitaverunt,
1177 2576 1287 2633 tamen

103 2713 105 2718 ,
143 2655 305 2719 interdum
321 2676 443 2735 vereor,
460 2678 500 2720 ne
517 2658 708 2738 quibusdam
724 2657 817 2721 bonis
832 2658 909 2720 viris
924 2657 1147 2740 philosophiae
1170 2678 1286 2720 nomen

143 2743 186 2804 sit
209 2743 345 2806 invisum
368 2745 589 2825 mirenturque
604 2746 638 2808 in
655 2765 693 2808 ea
708 2749 834 2807 tantum
858 2765 909 2807 me
934 2765 1051 2825 operae
1075 2750 1108 2807 et
1130 2745 1286 2824 temporis

142 2848 272 2908 ponere.
296 2829 364 2911 Ego
389 2835 506 2910 autem,
530 2852 627 2912 quam
651 2831 706 2894 diu
725 2831 923 2914 respublica
945 2852 1080 2912 percos
1103 2830 1285 2912 gerebatur,

142 2915 257 2994 quibus
282 2937 316 2979 se
339 2917 410 2998 ipsa
433 2920 648 2996 commiserat,
680 2939 790 2981 omnes
820 2939 909 2981 meas
941 2938 1033 2980 curas
1058 2917 1285 2997 cogitationes-

103 3021 203 3082 1⁵que
226 3003 259 3064 in
284 3022 354 3065 earn
378 3005 601 3084 conferebam;
632 3026 704 3068 cum
739 3011 848 3068 autem
871 3004 1038 3067 dominatu
1060 3004 1153 3066 unius
1177 3002 1286 3066 omnia

140 3093 328 3152 tenerentur
351 3110 454 3171 neque
476 3098 561 3155 esset
583 3113 720 3173 usquam
736 3091 870 3156 consilio
894 3096 951 3154 aut
973 3090 1161 3153 auctoritati
1183 3089 1282 3167 locus,

140 3176 244 3258 socios
268 3175 406 3257 denique
422 3178 562 3241 tuendae
579 3181 627 3242 rei
642 3179 801 3260 publicae,
817 3198 959 3241 summos
974 3176 1069 3254 viros,
1094 3175 1282 3255 amisissem,

139 3281 199 3325 nec
229 3283 280 3325 me
311 3263 484 3343 angoribus
515 3264 633 3341 dedidi,
668 3266 784 3346 quibus
816 3285 920 3328 essem
948 3262 1123 3341 confectus,
1155 3263 1215 3325 nisi
1242 3261 1285 3325 iis

139 3348 339 3430 restitissem,
363 3371 423 3414 nee
445 3371 573 3414 rursum
603 3351 743 3434 indignis
773 3351 901 3415 homine
933 3350 1029 3414 docto
1052 3349 1282 3430 voluptatibus.

101 3456 128 3495 20
138 3436 244 3516 Atque
264 3436 388 3500 utinam
411 3457 462 3499 res
486 3437 615 3518 publica
646 3439 798 3517 stetisset,
830 3457 893 3518 quo
925 3441 1087 3518 coeperat,
1111 3442 1198 3499 statu
1221 3453 1308 3502 nec3

138 3522 171 3584 in
205 3521 351 3587 homines
378 3544 443 3587 non
472 3528 539 3586 tam
572 3523 872 3588 commutandarum
906 3543 1003 3603 quam
1034 3522 1279 3587 evertendarum

205 3687 207 3691 Α
226 3699 250 3750 5.
269 3697 298 3747 ia
317 3697 533 3763 quo-maome
551 3697 615 3748 utile
634 3696 671 3764 (v.
685 3697 711 3764 7)
731 3695 993 3762 seol.Heumannus,
1012 3693 1197 3762 Facciolatus,
1217 3693 1285 3748 edd.

139 3813 169 3822 -
189 3786 213 3837 6.
233 3791 287 3835 tum
304 3801 336 3835 em
355 3814 386 3822 —
402 3784 515 3836 maxime
533 3784 597 3836 utile
616 3785 652 3852 (v.
671 3786 699 3854 'It
716 3784 810 3854 ispo,
826 3799 884 3836 om.
895 3782 1004 3833 Yffib.

184 3880 221 3919 Dc
235 3880 326 3923 officiis,
1150 3918 1161 3937 Ι,
1212 3852 1234 3893 b‘
