2820 4178
133 161 175 224 22
593 157 643 209 nu
663 156 817 211 osricus

130 336 179 413 iis,
196 334 251 416 qui
265 333 386 397 habent
401 353 421 394 a
436 336 554 394 natura
576 331 762 394 adiumenta
777 354 885 394 rerum
902 333 1125 413 gerendarum,
1149 333 1278 397 abiecta

131 422 218 485 omni
242 419 445 484 cunctatione
470 417 670 498 adipiscendi
705 419 911 500 magistratus
936 426 968 481 et
983 419 1125 502 gerenda
1140 439 1192 482 res
1218 440 1276 498 pu·

132 507 218 571 blica
234 511 298 584 est,
321 525 381 567 nec
397 505 481 567 enim
506 504 601 567 ahter
617 508 673 566 aut
696 505 763 586 regi
788 505 899 568 civitas
917 511 973 567 aut
996 505 1155 569 declarari
1178 505 1277 568 animi

131 592 318 673 magnitudo
348 596 463 671 potest.
509 589 759 670 Capessentibus
782 598 890 654 autem
913 613 982 654 rem
999 591 1162 672 publicam
1177 591 1276 655 nihilo

131 680 236 743 minus
260 698 356 759 quam
386 675 595 758 philosophis,
626 676 714 740 haud
738 677 803 740 scio
827 699 869 741 an
892 679 993 758 magis
1018 679 1126 756 etiam,
1151 685 1184 741 et
1210 687 1277 741 m'a-
1303 699 1316 738 s

132 763 315 848 gnifioentia
339 768 371 826 et
394 764 604 845 despicientia
627 763 812 840 adhibenda
836 771 884 828 est
918 785 1024 827 rerum
1054 764 1276 844 humanarum,

132 871 348 934 quamsaepe
373 850 454 912 dico.
489 855 520 912 et
543 849 761 930 tranquillitas
785 850 884 914 animi
917 857 1014 932 atque
1046 852 1212 930 securitas,
1236 851 1278 914 si·

132 938 262 1020 quidem
284 957 344 999 neo
367 937 454 998 anxii
477 934 577 998 futuri
601 942 674 998 sunt
698 943 731 999 et
754 958 826 1000 cum
849 937 1013 1018 gravitate·
1032 938 1278 1018 constantiaque

88 1032 121 1083 73
132 1025 255 1088 victuri.
301 1021 389 1098 Quae
423 1021 569 1085 faciliora
604 1029 678 1085 sunt
711 1023 920 1104 philosophis,
956 1045 1018 1105 quo
1049 1025 1153 1088 minus
1176 1023 1279 1088 multa

132 1116 245 1194 patent
261 1111 294 1172 in
311 1130 420 1172 eorum
435 1109 509 1185 vita,
535 1129 617 1189 quae
634 1108 764 1173 fortuna
786 1109 893 1188 feriat,
916 1115 948 1173 et
965 1131 1028 1191 quo
1049 1111 1153 1174 minus
1170 1109 1278 1173 multis
1289 1132 1315 1170 ιο

132 1197 228 1262 rebus
251 1200 354 1277 egent,
379 1201 412 1258 et
435 1195 519 1275 quia,
545 1195 571 1257 si
595 1195 672 1274 quid
706 1196 833 1258 adversi
853 1197 1002 1274 eveniat,
1037 1202 1104 1260 tam
1139 1195 1279 1276 graviter

133 1285 249 1348 cadere
273 1304 336 1346 non
360 1287 504 1363 possunt.
539 1280 697 1357 Quocirca
719 1302 782 1344 non
799 1283 866 1345 sine
891 1303 988 1345 causa
1010 1283 1149 1346 maiores
1172 1289 1278 1346 motus

133 1372 312 1434 animorum
345 1369 548 1430 concitantur
580 1368 767 1448 maioraque
798 1364 907 1430 stadio
938 1367 1099 1432 efficiendi
1128 1390 1197 1432 rem
1219 1390 1277 1449 pu-

132 1456 250 1520 blicam
273 1454 456 1536 gerentibus
479 1476 576 1534 quam
600 1455 726 1534 quietis,
762 1476 824 1536 quo
848 1455 950 1535 magis
973 1455 1012 1518 iis
1035 1461 1068 1518 et
1091 1455 1278 1535 magnitudo
1312 1506 1314 1511 .

134 1548 183 1608 est
206 1542 304 1606 animi
336 1541 521 1605 adhibenda
545 1546 577 1602 et
599 1541 743 1604 vacuitas
767 1541 807 1604 ab
831 1542 1013 1623 angoribus,
1058 1541 1109 1605 Ae
1131 1563 1201 1605 rem
1224 1562 1316 1622 ge-rs

133 1630 266 1693 rendam
301 1634 409 1691 autem
433 1627 487 1708 qui
521 1627 656 1705 accedit,
692 1633 812 1707 caveat,
836 1649 876 1691 ne
899 1628 933 1691 id
955 1628 1051 1692 modo
1087 1628 1278 1706 consideret,

81 1780 84 1784 .
134 1737 230 1798 quam
252 1713 309 1778 illa
330 1734 382 1777 res
405 1713 541 1776 honesta
564 1714 614 1792 sit,
639 1714 696 1776 sed
718 1714 814 1777 etiam
837 1720 874 1777 ut
896 1714 1016 1779 habeat
1048 1713 1208 1779 efficiendi
1224 1712 1278 1777 «1-

135 1802 303 1879 cultatem,
327 1801 358 1862 in
382 1820 444 1880 quo
468 1799 539 1880 ipso
563 1801 831 1864 considerandum
855 1807 913 1881 est,
945 1823 984 1864 ue
1005 1809 1061 1865 aut
1085 1807 1206 1865 temere
1223 1801 1278 1863 de-

135 1893 243 1969 speret
254 1891 389 1968 propter
403 1887 563 1966 ignaviam
575 1893 632 1950 aut
646 1888 741 1950 nimis
754 1886 894 1951 confidat
910 1894 1043 1970 propter
1059 1888 1278 1970 cupiditatem.

133 1975 171 2038 In
186 1974 333 2038 omnibus
356 1977 463 2035 autem
479 1974 626 2054 negotiis,
649 1973 738 2054 prius
755 1995 851 2055 quam
867 1975 1068 2055 adgrediare,
1092 1974 1278 2038 adhibenda
1291 1995 1318 2032 20

135 2067 185 2125 est
207 2059 413 2142 praeparatio
437 2058 581 2140 diligens.

222 2145 285 2210 Sed
309 2167 380 2208 cum
403 2145 546 2226 plerique
582 2145 779 2208 arbitrentur
801 2167 852 2209 res
875 2145 1007 2209 bellicas
1041 2146 1178 2209 maiores
1210 2166 1279 2209 esse

136 2255 232 2314 quam
255 2233 404 2310 urbanas,
435 2231 608 2294 minuenda
632 2237 680 2294 est
703 2231 783 2295 haec
807 2232 923 2313 opinio.
962 2231 1056 2294 Multi
1087 2232 1172 2295 enim
1195 2230 1281 2294 bella

137 2341 233 2400 saepe
257 2319 483 2401 quaesiverunt
505 2324 639 2399 propter
660 2317 781 2396 gloriae
817 2318 1036 2400 cupiditatem,
1072 2327 1169 2399 atque
1192 2318 1226 2382 id
1249 2318 1281 2380 in

136 2406 260 2487 magnis
283 2405 397 2467 animis
421 2404 620 2485 ingeniisque
642 2404 830 2486 plerumque
855 2405 1020 2486 contingit,
1045 2426 1146 2486 eoque
1168 2406 1280 2485 magis,
1293 2425 1320 2465 a

138 2494 176 2556 si'
188 2498 263 2557 sunt
286 2491 327 2554 ad
343 2512 411 2554 rem
427 2489 600 2554 militarem
616 2490 684 2573 apti
701 2496 733 2553 et
750 2491 858 2572 cupidi
880 2490 1038 2554 bellorum
1057 2492 1282 2571 gerendorum,

136 2601 210 2643 vere
234 2583 341 2641 autem
355 2578 381 2640 si
393 2576 538 2640 volumus
561 2577 713 2656 iudicare,
737 2577 857 2640 multae
873 2598 925 2640 res
942 2577 1117 2641 extiterunt
1138 2578 1282 2641 urbanae

93 2675 127 2726 75
137 2666 275 2729 maiores
299 2663 514 2744 clarioresque
538 2683 634 2744 quam
664 2663 808 2727 bellicae.
855 2663 1004 2740 Quamvis
1028 2664 1112 2728 enim
1136 2665 1283 2728 Themis-

138 2751 239 2815 tocles
261 2752 330 2813 iure
346 2750 496 2813 laudetur
512 2756 544 2813 et
560 2750 602 2812 sit
617 2750 685 2813 eius
707 2771 824 2814 nomen
848 2771 944 2831 quam
968 2750 1093 2815 Solonis
1117 2750 1282 2813 inlustrius

141 2839 322 2916 citcturque
347 2835 484 2899 Salamis
508 2835 704 2899 clarissimae
727 2837 819 2900 testis
841 2837 1005 2914 victoriae,
1037 2856 1119 2916 quae
1151 2842 1321 2916 antepo-ao

140 2930 236 2986 natur
259 2922 391 2986 consilio
416 2922 541 2985 Solonis
564 2923 602 3001 ei,
627 2943 689 3003 quo
712 2923 850 3004 primum
874 2922 1041 2986 constituit
1060 2922 1283 3003 Areopagitae,

142 3031 206 3073 non
229 3010 334 3072 minus
357 3009 559 3090 praeclarum
581 3008 643 3072 hoc
666 3029 762 3090 quam
784 3009 863 3072 illud
890 3009 1096 3072 iudicandum
1120 3014 1182 3088 est3
1207 3007 1286 3072 illud

144 3097 229 3160 enim
253 3095 352 3159 semel
367 3094 497 3177 profuit,
520 3092 581 3158 hoc
605 3116 731 3176 semper
753 3096 900 3176 proderit
915 3096 1051 3174 civitati3
1075 3094 1137 3158 hoc
1154 3094 1286 3159 consilio

141 3183 229 3265 leges
265 3180 517 3257 Atheniensium,
558 3181 620 3245 hoc
652 3181 810 3245 maiorum
843 3183 992 3246 inst'tuta
1025 3187 1200 3246 servantur.
1245 3181 1287 3245 Et

142 3268 374 3332 Themistocles
407 3267 536 3348 quidem
566 3268 647 3330 nihil
677 3268 804 3347 dixerit,
835 3269 953 3349 inquo
983 3269 1052 3351 ipse
1082 3269 1286 3350 Areopagum
1296 3289 1322 3330 as

140 3355 308 3433 adiuverit,
332 3361 366 3417 at
388 3354 442 3417 ille
465 3375 538 3418 vere
563 3377 582 3415 a
606 3375 640 3418 se
664 3355 809 3418 adiutum
832 3353 1096 3434 Themistoclem3
1127 3362 1177 3419 est
1200 3356 1284 3419 enim

141 3478 348 3487 —n—--——-

90 2116 126 2173 22

91 2198 125 2248 74

225 3529 249 3578 4.
269 3527 353 3576 nihilo
366 3525 546 3595 Wesenberg,
566 3526 642 3593 edd.;
662 3528 731 3577 nibil
750 3526 827 3579 codd.
847 3557 881 3564 -
900 3529 923 3580 6.
944 3535 980 3578 est
992 3525 1142 3593 Manutius,
1163 3527 1233 3595 edd,
1246 3529 1281 3580 eit

139 3613 218 3667 codd.
238 3644 271 3651 —
292 3615 331 3665 13.
351 3614 503 3678 maioraque
521 3615 610 3664 studia
630 3615 767 3676 efficiendi
780 3613 882 3681 Unger,
901 3612 964 3676 Ml.;
978 3614 1133 3681 maioraque
1146 3616 1283 3678 efficiendi

41 3730 43 3735 .
139 3699 280 3766 BHch,
299 3700 452 3764 maioraque
470 3700 615 3764 efficienda
632 3719 659 3769 p,
675 3701 812 3765 maiorque
825 3718 890 3751 cara
911 3700 1087 3767 efficiendis,
1106 3702 1191 3753 Ba-
1204 3702 1244 3753 26.
1260 3707 1283 3750 et
1361 3717 1364 3723 ·

140 3816 173 3824 —
178 3787 353 3852 gerendorum
363 3786 425 3839 secl.
433 3786 528 3839 Herm.
539 3786 657 3856 Sauppe,
668 3788 711 3841 Bt.
719 3819 752 3826 —
760 3790 801 3840 36.
812 3805 829 3837 a
839 3787 915 3854 edd.;
926 3804 979 3840 om.
990 3787 1070 3839 codd.
1081 3818 1113 3825 -
1124 3804 1150 3839 se
1162 3787 1282 3838 adiutum

129 3872 335 3922 Memhtoelem
344 3873 402 3924 BH
407 3873 431 3941 b,
445 3872 507 3926 edd.
514 3894 523 3941 ,-
537 3874 643 3925 adiuuit
655 3874 850 3926 Themistoclem
863 3874 926 3941 (om.
937 3875 974 3942 re)
986 3872 1023 3924 L'
1033 3891 1052 3941 p
1061 3890 1098 3940 c.;
1117 3889 1144 3925 ee
1161 3874 1283 3924 wiotum
