2820 4178
421 169 490 222 nm.
511 171 558 226 111.
595 172 670 227 011.
689 177 764 227 3-5.
801 173 816 244 s
837 177 945 228 15-22.
1226 180 1266 240 83

127 351 233 415 soleat
256 351 587 431 considerandumque
621 349 791 412 videatur?
836 347 949 423 Crede,
974 347 1152 428 siquando
1176 349 1268 413 dubi·

127 439 208 501 tatio
233 438 359 516 accidit,
384 438 478 519 quale
502 437 544 500 sit
564 436 607 513 id,
632 436 671 498 de
696 456 758 516 quo
783 435 1011 499 consideretur.
1057 434 1160 516 Saepe
1184 435 1313 502 0111119

127 530 272 605 tempore
295 523 341 604 fit,
364 531 409 603 ut,
434 525 520 606 quod
543 529 636 603 turpe
667 521 855 602 plerumque
877 521 990 585 haberi
1013 521 1124 598 soleat,
1148 521 1268 613 inveni-

127 617 200 674 atur
223 631 287 673 non
311 632 380 675 esse
403 608 547 706 turpes
554 607 699 689 Exempli
730 629 828 671 causa
856 615 996 688 ponatur
1026 607 1157 688 aliquid,
1182 587 1269 689 qdod

102 703 238 778 spateat
259 697 372 762 latius:
397 697 483 779 quod
505 702 613 777 potest
634 696 737 758 mains
762 716 831 758 esse
848 695 951 758 scelus
967 714 1064 774 quam
1087 715 1150 757 non
1172 694 1268 758 modo

14 859 19 868 ,
126 784 297 862 hominem,
315 785 372 848 sed
389 784 487 848 etiam
502 781 694 845 familiarem
709 780 870 844 hominem
883 780 1053 844 occidere?
1075 780 1160 843 Num
1170 782 1269 862 igitur

127 892 161 934 se
185 871 335 934 astrinxit
357 871 488 947 scelere,
513 868 616 948 siqui
640 873 810 950 tyrannum
834 867 952 931 occidit
971 867 1115 947 quamvis
1131 866 1268 931 familia-

126 958 216 1020 rem?
260 957 383 1038 Populo
412 956 543 1038 quidem
565 956 709 1018 Romano
732 975 796 1018 non
816 954 950 1032 videtur,
982 954 1099 1034 quiex
1123 953 1269 1017 omnibus

126 1043 302 1124 praeclaris
326 1042 420 1106 factis
442 1042 523 1105 illud
545 1040 795 1122 pulcherrimum
820 1041 989 1104 existimat.
1014 1039 1097 1102 Vicit
1118 1041 1268 1120 ergonti-

89 1129 201 1192 iolitas
223 1129 450 1192 honestatem?
483 1127 584 1191 Immo
607 1147 682 1190 vcro
704 1127 857 1191 honestas
879 1126 1054 1190 utilitatem
1077 1132 1187 1189 secuta
1211 1133 1292 1200 ests

213 1216 337 1298 ltaque,
361 1222 397 1278 ut
420 1215 487 1279 sine
503 1214 569 1277 ullo
586 1234 694 1278 errore
711 1214 887 1277 diiudicare
903 1213 1071 1295 possimne,
1096 1213 1268 1294 siquando

127 1322 199 1364 cum
220 1301 286 1380 illo,
311 1302 396 1383 quod
430 1301 600 1365 honestum
628 1299 852 1381 intellegimus,
876 1321 1019 1382 pugnare
1043 1300 1076 1362 id
1098 1299 1268 1378 videbitur,

127 1388 213 1468 quod
243 1388 443 1470 appellamus
476 1388 565 1466 utile,
599 1387 738 1451 formula
771 1386 930 1468 quaedam
961 1385 1187 1449 constituenda
1210 1392 1268 1464 est,

127 1495 223 1554 quam
246 1477 274 1539 si
296 1496 468 1557 sequemur
493 1475 527 1537 in
558 1474 797 1555 comparatione
828 1494 944 1551 rerum,
976 1473 1016 1536 ab
1048 1472 1154 1536 officio
1177 1494 1268 1535 nurn-

90 1582 117 1622 rs
127 1582 224 1642 quam
245 1561 441 1625 recedemus.
455 1538 557 1655 1111111
591 1566 698 1624 autem
731 1560 812 1623 haec
842 1559 980 1623 formula
1011 1558 1192 1622 Stoicorum
1214 1576 1314 1627 ra-20

125 1649 207 1711 tioni
230 1647 482 1729 disciplinaeque
512 1648 651 1710 maxime
682 1652 908 1724 consentanea,
924 1645 1037 1757 squam
1067 1646 1197 1726 quidem
1219 1645 1269 1710 his

125 1733 216 1797 libris
239 1740 413 1815 propterea
439 1735 612 1814 sequimur,
643 1733 739 1814 qnod,
771 1753 965 1814 quamquam
996 1739 1029 1795 et
1059 1753 1077 1794 a
1107 1731 1268 1795 veteribus

126 1820 327 1884 Academicis
344 1826 377 1884 et
391 1842 411 1884 a
425 1821 648 1901 Peripateticis
665 1821 788 1899 vestris,
813 1820 868 1899 qui
888 1819 1050 1900 quondam
1065 1819 1151 1882 idem
1168 1824 1268 1896 erant,

127 1907 182 1987 qui
204 1907 399 1985 Academici,
434 1928 516 1988 quae
550 1906 687 1970 honesta
721 1913 804 1986 sunt,
840 1911 1079 1986 anteponuntur
1102 1904 1150 1982 iis,
1185 1925 1268 1986 quae

89 1993 275 2056 invidentur
297 1992 398 2072 utilia,
429 2000 538 2057 tamen
569 1993 767 2074 splendidius
799 1993 880 2057 haec
911 1992 951 2056 ab
984 1991 1030 2055 eis
1061 1991 1268 2069 disserentur,

127 2080 252 2160 quibus
277 2080 433 2161 quidquid
455 2079 626 2143 honestum
650 2086 708 2158 est,
739 2080 826 2143 idem
854 2079 934 2143 utile
957 2078 1085 2142 videtur
1107 2098 1166 2140 nec
1189 2078 1268 2141 utile

127 2166 308 2248 quicquam,
331 2167 418 2248 quod
447 2188 512 2230 non
541 2166 721 2244 honestum,
753 2187 849 2248 quam
880 2166 992 2243 abiis,
1017 2164 1132 2246 quibus
1156 2170 1189 2227 et
1211 2164 1269 2228 ho-

126 2259 253 2316 nestum
276 2252 399 2334 aliquid
421 2274 485 2317 non
508 2253 586 2317 utile
603 2260 635 2316 et
650 2253 729 2317 utile
749 2274 812 2316 non
835 2253 1014 2318 honestum.
1037 2251 1138 2315 Nobis
1162 2256 1270 2314 autem

126 2345 238 2403 nostra
260 2341 436 2403 Academia
450 2361 600 2421 magnam
615 2340 779 2403 licentiam
795 2340 861 2419 dat,
884 2346 929 2417 ut,
954 2338 1178 2419 quodcumque
1201 2357 1268 2400 ma-

89 2445 117 2485 25
127 2427 211 2489 xime
234 2425 401 2507 probabile
426 2433 583 2506 occurrat,
606 2427 639 2489 id
655 2432 766 2489 nostro
786 2427 855 2488 iure
877 2425 975 2488 liceat
998 2423 1180 2487 defendere.
1206 2423 1269 2487 Sed

127 2513 225 2575 redeo
249 2511 292 2575 ad
314 2510 529 2617 formulamj
1279 2560 1297 2615 5

140 2618 179 2699 sp
214 2597 392 2660 Detrahere
415 2597 513 2678 igitur
536 2598 629 2661 alteri
662 2596 784 2679 aliquid
815 2603 847 2661 et
876 2596 1039 2659 hominem
1061 2596 1198 2659 hominis
1221 2596 1269 2659 in·
1279 2632 1312 2683 21

129 2682 297 2747 commodo
332 2705 424 2746 suum
458 2685 661 2747 commodum
696 2704 812 2765 augere
847 2683 949 2765 magis
984 2688 1034 2746 est
1067 2687 1179 2746 contra
1211 2705 1269 2746 na-

128 2776 235 2834 turam
259 2791 355 2850 qnam
378 2791 474 2848 mors,
498 2791 594 2852 quam
616 2777 801 2852 paupertas,
833 2790 931 2850 quam
961 2768 1062 2847 dolor,
1097 2789 1194 2850 quam
1217 2790 1269 2832 ce-

90 2879 118 2918 10
128 2863 208 2936 tera,
232 2877 315 2938 quae
398 2863 473 2920 sunt
500 2862 557 2921 aut
586 2857 714 2938 corpori
741 2856 888 2920 accidere
921 2862 977 2920 aut
999 2856 1095 2920 rebus
1119 2856 1269 2920 externis.

128 2943 211 3007 Nam
232 2944 357 3025 princip
403 2943 506 3007 ,101111
536 2945 716 3008 convictum
737 2943 913 3007 humanum
936 2949 969 3006 et
991 2942 1189 3006 societatem.
1208 2934 1230 3057 (
1236 2942 1270 3007 Si

129 3029 214 3092 enim
237 3030 282 3092 sic
305 3030 425 3094 erimus
446 3030 576 3109 adfecti,
599 3036 636 3092 ut
657 3034 791 3112 'propter
805 3051 897 3093 suum
912 3030 1050 3110 quisque
1074 3028 1269 3092 emolumen-

128 3121 197 3178 tum
228 3115 345 3196 spoliet
378 3122 435 3180 aut
464 3116 562 3180 violet
592 3116 739 3195 alterum,
774 3117 930 3197 disrumpi
960 3136 1091 3178 necesse
1115 3120 1165 3178 est
1187 3134 1269 3193 eam,

130 3222 212 3283 qnae
236 3202 373 3265 maxime
397 3209 447 3267 est
470 3203 645 3266 secundum
674 3210 833 3281 naturam,
864 3202 996 3266 humani
1018 3202 1144 3283 generis
1168 3202 1270 3265 socie-

91 3293 238 3352 estatem.
283 3287 338 3367 Ut,
362 3289 389 3353 si
410 3311 509 3352 unum
532 3290 681 3372 quodque
711 3289 890 3353 membrum
913 3310 1042 3352 sensnm
1063 3288 1148 3351 hunc
1170 3287 1320 3353 habe-22,

129 3381 189 3454 ret,
212 3381 249 3439 ut
271 3380 519 3457 posseputaret
553 3397 587 3440 se
621 3377 737 3455 valere,
770 3376 796 3439 si
826 3375 965 3458 proximi
987 3374 1123 3439 membri
1145 3374 1269 3439 valetu-

215 3551 240 3602 5.
260 3565 313 3600 aare
331 3564 354 3616 c,
374 3506 451 3612 adda
474 3562 527 3600 om.
546 3547 641 3600 BHb.
660 3551 745 3601 -40,
764 3547 904 3598 utilitatem
922 3554 1010 3599 secata
1028 3554 1065 3598 eat
1083 3545 1171 3614 codd,
1190 3546 1268 3614 Ml.²;

128 3635 282 3689 utilitatem:
303 3636 460 3686 honestatem
478 3632 691 3695 utititamecata‘
704 3642 740 3685 est
758 3635 812 3701 Bt,
831 3634 894 3687 1111.ι
908 3637 993 3687 -ta
1010 3635 1270 3701 disserenturaodd,

121 3716 188 3790 'Bt;
208 3723 376 3775 disserantur
395 3722 457 3774 cum
474 3721 554 3777 libris
574 3720 739 3788 quibusdam
752 3721 781 3774 O.
793 3720 916 3790 Langius
935 3726 964 3774 et
981 3721 1027 3774 Fr.
1045 3719 1198 3788 Fabricius,
1220 3722 1271 3775 Ml.

130 3838 166 3850 ·-
175 3812 217 3864 22.
231 3817 254 3861 et
266 3810 400 3861 1000111111
409 3849 415 3862 .
471 3817 494 3860 ct
512 3808 577 3860 atila
589 3807 748 3877 Lambinus,
762 3808 833 3876 Bt),
846 3807 909 3871 Ml.;
922 3815 946 3860 et
963 3808 1046 3861 1.
1065 3813 1111 3856 aut
1124 3825 1149 3857 a.
1168 3806 1275 3868 BHb3

1 3961 8 3969 ,.
37 3968 40 3973 ,
128 3896 289 3951 Mla-m
308 3903 354 3949 aut
371 3915 396 3947 a.
415 3912 438 3965 a,
457 3895 515 3949 Bt,¹
1179 3961 1215 4004 Q*
