2820 4178
153 121 188 174 VI
605 119 822 174 PRAEFATIO.

151 318 189 359 ex
219 297 324 357 eodem
354 292 437 358 fonte
465 297 652 356 emanavisse
685 297 901 357 demonstravit
934 275 1024 374 atque
1058 300 1190 359 codicem
1220 301 1296 359 Ber-

148 421 271 463 uensem
294 419 310 460 c
334 406 363 460 et
384 401 554 460 Palatinum
577 419 596 476 p
620 401 863 477 comparavitque
895 401 1123 477 diligentissime
1153 422 1204 463 cas
1234 404 1292 463 lecss

149 507 256 582 tiones,
281 505 388 580 quibus
412 504 471 564 duo
494 504 629 564 codicum
651 523 762 579 genera
785 505 863 563 inter
885 523 918 565 se
941 506 1132 581 discrepant.
1166 508 1211 566 Ac
1233 526 1294 567 non

149 611 238 670 modo
254 609 332 668 hunc
346 608 481 667 libellum
499 608 624 683 benigue
640 609 712 667 mihi
728 609 819 686 misit,
835 627 938 669 verum
955 610 1055 688 etiam,
1073 629 1139 670 eum
1159 613 1293 672 codicem

149 714 440 788 Wbraeburgensem
464 709 521 795 (Η)
545 717 574 771 et
588 714 770 772 Beruensem
792 715 812 773 b
835 713 932 773 denuo
956 714 1047 788 idque
1067 717 1295 776 accuratissime

150 819 343 896 contulisset,
378 837 493 878 summa
522 818 703 897 liberalitate
733 819 788 878 has
819 819 894 878 duas
924 819 1100 878 collationes
1133 838 1192 878 una
1226 840 1293 879 utrm

150 923 286 997 exemplo
317 924 487 983 collationis
516 921 705 981 Luchsianae
728 941 746 980 a
769 940 801 981 se
825 922 995 998 descriptae
1026 925 1093 983 usui
1123 941 1189 982 meo
1222 942 1291 983 con·
1386 1004 1388 1008 ι

148 1026 249 1086 cessit.
294 1028 401 1101 Itaque
429 1027 454 1086 si
479 1028 594 1102 aliquot
620 1026 695 1085 locis
726 1026 835 1085 certius
866 1031 895 1085 et
924 1028 1035 1087 rectius
1062 1028 1194 1087 iudicare
1221 1027 1294 1086 mihi

149 1131 243 1208 licuit,
268 1149 356 1207 quam
380 1130 477 1188 adhuc
499 1131 624 1189 iudicari
646 1131 754 1208 potuit,
777 1130 834 1190 hoc
857 1131 939 1189 illius
961 1132 1018 1189 viri
1041 1129 1122 1191 docti
1143 1132 1290 1190 beneficio

41 1261 43 1264 >
149 1253 196 1294 me
220 1235 329 1294 debere
344 1239 430 1310 grato
447 1235 545 1293 animo
561 1237 711 1309 profiteor.
736 1233 845 1294 Grates
864 1234 954 1293 etiam
970 1235 1041 1292 mihi
1064 1239 1132 1294 sunt
1155 1235 1291 1319 agendae

149 1344 183 1399 ut
204 1339 366 1398 Francisco
388 1338 605 1415 Eyssenhardt,
638 1338 688 1414 qui
712 1357 749 1398 ex
772 1337 875 1398 codice
897 1338 1095 1398 Ambrosiano
1127 1355 1178 1397 eas
1206 1338 1289 1398 Cice-

64 1429 67 1434 ’
148 1443 230 1503 renis
254 1444 291 1502 de
315 1443 421 1503 officiis
451 1443 597 1502 librorum
620 1447 722 1518 partes
753 1442 922 1520 descripsit,
947 1460 1023 1517 quae
1046 1461 1064 1500 a
1086 1443 1206 1503 Baitero
1230 1461 1290 1501 non
1326 1438 1328 1442 ⁴

149 1553 219 1608 sunt
248 1565 393 1608 excussae
425 1543 476 1627 (cf.
507 1547 553 1606 ed.
583 1548 740 1606 Turicens.
774 1565 801 1620 p.
826 1545 912 1623 641),
944 1563 1038 1620 eaque
1068 1547 1227 1606 collatione
1257 1551 1292 1605 ut

149 1658 248 1711 uterer
280 1652 427 1711 benevole
460 1650 604 1727 permisit,
639 1651 682 1709 ita
715 1651 809 1709 Paulo
842 1650 1016 1726 Schwenke,
1052 1651 1103 1725 qui
1136 1650 1292 1710 Hadoardi

147 1756 318 1830 presbyteri
333 1759 540 1830 excerptorum
564 1759 774 1829 campartem,
798 1772 874 1830 quae
893 1754 932 1813 ad
949 1753 1100 1814 Ciceronis
1124 1755 1160 1814 de
1184 1754 1292 1813 officiis

149 1859 243 1919 libros
273 1859 412 1936 pertinet,
444 1877 510 1918 cum
534 1860 571 1917 ab
601 1859 712 1918 Enrico
735 1858 886 1918 Narducci
917 1858 1098 1935 descriptam
1129 1859 1194 1934 ipse
1224 1877 1291 1918 cum

39 2018 41 2026 ,
150 1961 304 2024 Orelliana
334 1964 430 2022 altera
460 1959 620 2036 diligenter
651 1962 836 2039 contulisset,
868 1961 940 2019 mihi
971 1962 1109 2036 praebuit
1139 1962 1289 2021 utendam.

152 2065 211 2145 (De
235 2067 385 2142 excerptis
407 2065 468 2126 illis
491 2065 528 2124 cf.
553 2083 629 2140 quae
653 2065 818 2124 Schwenke
842 2065 983 2124 disseruit
1005 2065 1035 2122 iu
1059 2064 1216 2123 annalibus
1239 2064 1290 2139 qui

148 2170 355 2246 appellantur:
385 2168 611 2229 Jahresbericht
640 2170 714 2228 iiber
736 2166 786 2230 die
809 2168 1006 2228 Fortschrittc
1030 2169 1084 2227 der
1106 2168 1290 2228 classischen

148 2272 543 2333 Alterthumswissenschaft
568 2275 651 2332 1884
674 2291 704 2348 p.
720 2275 769 2332 75
794 2269 884 2351 sqq.).

237 2376 351 2449 Quibus
373 2377 516 2437 librorum
539 2377 790 2453 descriptionibus
806 2378 948 2439 adhibitis
971 2379 1011 2439 ad
1034 2383 1148 2438 eertum
1170 2377 1230 2435 iarn
1253 2375 1292 2434 dc

149 2483 252 2541 codice
282 2481 481 2541 Ambrosiano
513 2479 567 2562 (Α)
599 2482 740 2540 iudicium
773 2483 922 2558 perveniri
956 2484 1063 2559 potnit.
1107 2482 1182 2541 Eius
1213 2480 1291 2541 enim

152 2603 296 2645 summam
328 2603 395 2645 esse
429 2604 495 2644 cum
525 2586 628 2645 codiee
661 2586 807 2645 Bernensi
835 2587 854 2646 b
885 2587 1121 2647 convenientiam
1152 2586 1292 2645 Baiterus

150 2690 319 2749 adnotavit.
346 2689 386 2746 Hi
408 2707 480 2748 vero
504 2691 572 2750 libri
594 2691 690 2766 magis
714 2691 803 2750 etiarn
826 2689 958 2750 intense
982 2691 1179 2766 consentiunt,
1203 2708 1290 2764 quam

71 2794 74 2799 '
152 2811 189 2851 ex
212 2811 313 2852 eorum
338 2792 589 2868 descriptionibus
612 2795 659 2870 iis,
691 2812 766 2869 quae
797 2799 866 2853 sunt
896 2795 976 2871 apud
998 2796 1158 2864 Baiterum,
1190 2793 1290 2866 colligi

148 2897 254 2972 potuit.
298 2898 359 2956 Eas
383 2898 461 2956 enim
484 2899 620 2972 sequenti
643 2898 763 2973 saepius
786 2895 978 2957 Ambrosiani
1000 2898 1158 2957 lectionem
1181 2898 1291 2955 aBer·

106 2999 109 3005 ’
147 3000 233 3059 nensi
255 3001 274 3060 b
298 3000 445 3062 diversam
476 3001 572 3060 videri
606 3020 728 3062 necesse
760 3005 814 3078 est,
848 3020 911 3060 enm
942 3020 975 3060 re
1004 3019 1077 3060 vera
1104 3000 1146 3060 sit
1176 3000 1293 3059 eadem.

151 3103 241 3163 Velut
271 3104 309 3162 ad
339 3123 369 3180 p.
401 3108 462 3165 646
493 3122 522 3164 v.
547 3108 587 3164 28
619 3107 688 3166 edit.
715 3104 807 3165 Orell.
832 3106 916 3164 alter.
948 3100 997 3187 (=
1018 3124 1048 3180 p.
1074 3107 1144 3163 lv.
1168 3124 1181 3162 a
1204 3104 1296 3163 huius

149 3205 303 3288 editionis)
328 3209 465 3269 Baiterus
487 3210 659 3269 adnotavit:
695 3207 887 3291 ,capitatione
918 3207 1039 3286 (litteris
1061 3228 1099 3268 ac
1122 3206 1292 3284 expunctis)

149 3312 214 3391 A“;
238 3311 344 3371 sedin
368 3313 387 3372 b
411 3331 529 3389 quoque
552 3318 597 3373 est
619 3309 801 3394 capitatione.
832 3314 932 3372 Habet
954 3315 973 3373 b
996 3318 1029 3372 ut
1052 3313 1088 3390 A,
1102 3324 1295 3388 'quamquam

35 3430 39 3435 ·
151 3416 189 3476 de
211 3418 230 3476 b
254 3415 391 3475 Baiterus
414 3421 510 3476 tacet:
542 3420 633 3477 64920
657 3415 755 3497 (1015)
784 3413 927 3495 Theseae,
961 3421 1051 3478 66036
1076 3414 1173 3496 (2225)
1198 3434 1293 3496 copae

151 3517 360 3601 (preceque),
393 3523 485 3581 66224
513 3519 610 3600 (2412)
634 3518 781 3597 eversori,
815 3523 906 3581 66422
939 3520 1033 3600 (2622)
1063 3524 1176 3580 cartauc
1201 3518 1294 3597 (quod

148 3624 180 3682 in
202 3625 221 3682 b
245 3624 410 3684 recentiore
432 3629 599 3684 atramento
623 3629 787 3684 correctum
812 3629 857 3684 est
879 3625 910 3683 in
934 3622 1054 3706 causo),
1087 3627 1164 3708 6702
1196 3623 1294 3701 (3232)

147 3722 434 3805 acallicroutiolum,
465 3730 541 3787 6721
566 3725 664 3809 (3510)
694 3727 831 3790 manime
860 3726 895 3786 in
918 3747 962 3803 oo,
992 3733 1082 3789 67636
1107 3726 1206 3809 (4024)
1231 3746 1295 3810 qua

133 3827 229 3883 februa
254 3829 314 3904 (ila
337 3831 469 3904 quidem,
492 3837 525 3891 ut
546 3831 577 3890 in
599 3833 618 3891 b
642 3830 656 3893 i
678 3833 910 3908 superscriptum
935 3832 974 3892 sit
997 3833 1116 3892 litterae
1138 3829 1179 3921 e),
1215 3834 1292 3911 6772
