2820 4178
167 206 208 265 30
439 202 457 225 ··
583 248 585 252 ,
623 195 673 248 nn
694 195 846 248 osricus

167 373 366 454 scripsimus3
399 392 483 433 nunc
514 370 556 432 ad
586 369 741 450 reliquam
771 375 896 449 partem
926 370 1111 450 propositae
1143 368 1309 433 divisionis
1403 429 1405 432 .

166 466 372 523 revertamur.

140 559 156 607 7
253 532 425 608 Panaetius
449 543 555 623 igitur,
580 542 725 622 quisine
750 542 966 605 controversia
982 543 1021 606 de
1039 542 1152 606 officiis
1175 563 1308 606 accura-

167 632 289 694 tissime
318 631 503 712 dispntarit,
535 648 693 709 quemque
725 648 783 690 nos
815 630 1012 692 correctione
1045 630 1183 711 quadarn
1215 629 1307 692 adhi-

167 719 236 781 bita
258 718 459 798 potissimum
483 715 585 778 secuti
609 735 726 790 sumne,
749 713 854 777 tribus
877 716 1046 795 generibus
1069 715 1254 797 propositis
1274 716 1307 779 in
1331 738 1346 778 ⁵

167 805 283 885 quibus
306 803 487 867 deliberare
517 801 662 864 homines
694 805 726 862 et
757 801 938 864 consultare
962 802 1001 864 de
1026 801 1130 865 officio
1155 803 1306 877 solerent,

166 912 240 968 uno,
266 911 337 953 cum
361 889 556 965 dubitarent,
579 887 791 950 honestumne
814 887 846 950 id
871 894 964 966 esset,
996 889 1035 951 de
1059 910 1122 970 quo
1146 896 1305 970 ageretur,

167 999 208 1040 an
231 983 335 1058 turpe,
359 976 471 1051 altero,
501 974 621 1037 utilene
653 979 738 1036 esset
761 995 802 1036 an
824 975 946 1053 inutile,
969 977 1077 1054 tertio,
1103 976 1129 1040 si
1152 977 1195 1055 id,
1219 977 1306 1057 quod

167 1064 308 1144 speciem
331 1062 467 1140 haberet
488 1060 625 1135 honesti,
649 1066 808 1141 pugnaret
839 1082 911 1124 cum
935 1082 981 1140 ec,
1007 1063 1094 1145 quod
1116 1064 1194 1127 utile
1217 1063 1304 1125 ride-

167 1156 264 1228 retur,
289 1170 351 1230 quo
375 1148 470 1212 modo
492 1168 530 1211 ea
553 1147 691 1210 discerni
720 1152 893 1228 oporteret,
925 1148 965 1211 de
989 1149 1112 1213 [luobus
1137 1148 1306 1230 generibus
1317 1171 1346 1210 ro

166 1237 278 1316 primis
302 1236 404 1300 tribus
434 1234 524 1298 libris
556 1231 737 1314 explicavit,
772 1234 811 1296 de
842 1235 938 1296 tertio
971 1240 1079 1297 autem
1109 1256 1225 1316 genere
1250 1236 1305 1298 de-

43 1388 46 1393 ,
166 1326 277 1403 inceps
301 1343 334 1385 se
359 1322 486 1403 scripsit
509 1320 669 1383 dicturum
699 1341 758 1382 nec
787 1320 905 1383 exolvit
927 1320 969 1397 id,
994 1321 1080 1402 quod
1102 1323 1305 1401 promiserat.

138 1409 258 1485 8Quod
283 1429 320 1471 eo
344 1410 446 1489 magis
477 1408 585 1484 miror,
617 1406 692 1486 quia
723 1408 877 1488 scriptum
901 1428 920 1470 a
944 1407 1100 1489 discipulo
1125 1409 1192 1470 eius
1215 1407 1304 1470 Posi-

166 1497 262 1559 donio
287 1501 336 1559 est
358 1495 491 1575 triginta
514 1493 606 1556 annis
636 1493 752 1556 vixisse
775 1493 974 1559 Panaetium.
998 1501 1210 1576 posteaquam
1233 1494 1305 1558 illos

130 1638 134 1642 i
165 1583 264 1645 libros
300 1581 462 1644 edidisset.
508 1578 609 1654 Quem
640 1577 746 1640 locum
776 1581 875 1643 miror
906 1603 925 1643 a
959 1582 1131 1645 Posidonio
1165 1582 1305 1645 breviter
1316 1601 1343 1641 15

166 1690 234 1732 esse
270 1674 393 1731 tactum
427 1668 459 1729 in
494 1663 685 1745 quibusdam
721 1667 968 1741 commentariis,
1006 1669 1198 1748 praesertim
1233 1688 1303 1730 cuni

166 1755 287 1817 scribat
309 1752 430 1816 nullum
456 1772 524 1815 esse
548 1751 653 1814 locum
683 1752 716 1813 in
749 1757 820 1815 tota
838 1753 1042 1834 philosophia
1064 1760 1133 1817 tam
1155 1775 1303 1817 necessa·

139 1843 255 1906 arium.
300 1840 430 1902 Minime
453 1858 528 1901 vero
557 1837 722 1900 adsentior
750 1839 799 1918 iis,
831 1840 885 1919 qui
916 1847 1036 1920 negant
1060 1862 1132 1904 eum
1154 1839 1261 1903 locum
1285 1863 1304 1904 a.

164 1927 318 1990 Panaetio
349 1924 621 2007 praetermissum,
653 1924 710 1986 sed
734 1924 879 1988 consulto
902 1927 1059 2003 relictum,
1091 1948 1150 1991 nec
1174 1927 1303 1990 omnino

165 2013 369 2077 scribendum
392 2012 500 2085 fuisse,
525 2011 601 2091 quia
623 2031 797 2090 numquam
813 2018 922 2092 posset
944 2013 1069 2076 utilitas
1094 2035 1164 2076 cum
1187 2014 1343 2076 hones-ao

163 2105 231 2162 tate
254 2119 406 2180 pugnare.
455 2117 578 2179 equo
607 2095 744 2159 alterum
774 2103 881 2178 potest
903 2098 1024 2162 habere
1060 2099 1301 2167 dubitationem.

164 2185 422 2249 adhibendumne
466 2186 550 2248 uerit
579 2183 640 2246 hoc
671 2205 779 2264 genus,
812 2185 897 2265 quod
927 2185 960 2247 in
992 2184 1146 2248 divisione
1168 2185 1302 2250 Panaeti

163 2273 295 2334 tertium
331 2277 393 2350 est,
428 2293 470 2334 an
503 2270 599 2353 plane
635 2269 856 2349 omittendum,
891 2271 1028 2334 alterurn
1063 2271 1204 2334 dubitari
1237 2292 1300 2333 non

162 2363 279 2440 potest,
309 2357 385 2438 quin
416 2380 436 2421 a
464 2358 620 2421 Panaetio
649 2363 832 2440 susceptum
855 2358 906 2436 sit,
939 2358 996 2421 sed
1018 2357 1174 2420 relictum.
1219 2357 1301 2420 Nam

163 2446 255 2527 quie
279 2445 433 2508 divisione
448 2444 613 2527 tripertita
635 2443 714 2507 duas
736 2451 845 2526 partes
868 2444 1051 2522 absolverit,
1074 2443 1148 2506 huic
1172 2464 1341 2508 necessest

165 2538 214 2594 est
236 2537 360 2595 restare
383 2531 528 2610 tertiam3
549 2532 768 2612 praeteream
785 2537 928 2596 extremo
951 2530 1033 2595 libro
1057 2531 1154 2594 tertio
1179 2531 1219 2594 de
1241 2531 1302 2596 hac

120 2634 154 2685 10
163 2624 255 2700 parte
279 2617 450 2699 pollicetur
472 2637 507 2681 se
531 2616 682 2697 deinceps
713 2637 782 2680 esse
817 2617 986 2681 dicturum.
1031 2617 1167 2681 Accedit
1189 2617 1301 2681 eodem

162 2706 255 2768 testis
277 2704 420 2786 locuples
443 2703 642 2782 Posidonius
674 2703 728 2782 qui
762 2704 859 2766 etiam
882 2704 995 2768 scribit
1015 2704 1048 2766 in
1072 2705 1213 2785 quadam
1236 2705 1301 2785 epi·

165 2790 250 2854 stula
272 2791 306 2854 P.
329 2790 484 2854 Rutilium
506 2788 624 2853 Rufum
648 2789 754 2852 dicere
777 2789 890 2869 solere,
922 2793 977 2872 qni
999 2791 1188 2854 Panaetium
1212 2791 1302 2852 audi·

164 2884 243 2956 erat,
267 2883 303 2940 ut
325 2897 418 2940 nemo
441 2878 548 2958 pictor
570 2881 656 2939 esset
678 2877 833 2955 inventus,
861 2877 916 2958 qui
938 2879 971 2940 in
995 2876 1061 2940 Coa
1083 2878 1208 2941 Venere
1232 2898 1341 2941 eameo

162 2971 298 3046 partem,
321 2985 417 3045 quam
440 2962 569 3045 Apelles
592 2962 775 3026 inchoatam
805 2962 998 3043 reliquisset,
1022 2963 1203 3028 absolveret
1226 2963 1303 3048 (oris

163 3053 246 3114 enim
269 3050 474 3130 pulchritudo
497 3049 613 3130 reliqui
643 3049 786 3129 corporis
816 3050 964 3113 imitandi
994 3071 1082 3130 spem
1113 3049 1302 3134 auferebat),

162 3139 208 3201 sic
232 3158 280 3216 ea,
304 3158 387 3218 quae
409 3137 582 3201 Panaetius
612 3136 890 3216 praetermisisset,
921 3143 1054 3217 propter
1077 3157 1196 3214 eorum,
1220 3156 1302 3217 quae

161 3224 358 3306 perfecisset,
382 3223 614 3305 praestantiam
636 3222 795 3285 neminem
818 3214 1050 3317 persecutuny

119 3291 151 3412 li
249 3310 351 3386 Quam
375 3311 414 3373 ob
438 3331 506 3373 rem
530 3309 569 3373 de
598 3308 716 3371 iudicio
747 3308 881 3373 Panaeti
913 3309 1055 3374 dubitari
1084 3329 1148 3372 non
1177 3315 1341 3390 potest335

161 3402 290 3461 rectene
315 3401 423 3459 autem
445 3396 528 3459 hanc
550 3395 681 3458 tertiam
703 3400 829 3475 partem
849 3397 890 3459 ad
907 3395 1138 3478 exquirendum
1161 3393 1302 3460 officium

161 3482 343 3546 adiunxerit
377 3503 417 3545 an
455 3503 555 3562 secus,
592 3481 631 3546 de
655 3501 693 3544 eo
717 3480 854 3546 fortasse
878 3483 1036 3565 disputari
1058 3487 1173 3564 potest.
1218 3482 1302 3546 Nam

161 3570 225 3632 sive
248 3568 418 3631 honestum
442 3569 545 3632 solum
567 3568 687 3632 bonum
703 3574 761 3646 est,
784 3575 821 3632 ut
837 3568 953 3633 Stoicis
975 3569 1092 3651 placet,
1117 3569 1191 3647 sive,
1215 3570 1302 3648 qnod

159 3655 329 3718 honestum
353 3660 411 3733 est,
435 3655 469 3718 id
491 3655 537 3718 ita
567 3676 725 3719 summum
755 3655 874 3719 bonurn
899 3663 956 3734 est,
988 3655 1301 3737 quemadmodum

240 3829 282 3877 33.
301 3827 376 3878 Post
391 3827 620 3891 praetermisisset
639 3829 667 3880 in
686 3827 764 3882 codd.
784 3831 838 3880 est:
865 3836 888 3878 et
905 3846 958 3880 noo
974 3828 1133 3893 perfecisset,
1154 3827 1227 3894 quod
1247 3826 1300 3896 del,

126 3902 269 3972 Muretus,
290 3911 357 3962 secl.
380 3912 443 3966 edd.
