<?xml version="1.0" encoding="UTF-8"?>
<!DOCTYPE html PUBLIC "-//W3C//DTD XHTML 1.0 Transitional//EN"
    "http://www.w3.org/TR/xhtml1/DTD/xhtml1-transitional.dtd">
<html xmlns="http://www.w3.org/1999/xhtml" xml:lang="en" lang="en">
 <head>
  <title>
</title>
<meta http-equiv="Content-Type" content="text/html;charset=utf-8" />
  <meta name='ocr-system' content='tesseract 3.04.00' />
  <meta name='ocr-capabilities' content='ocr_page ocr_carea ocr_par ocr_line ocrx_word'/>
</head>
<body>
  <div class='ocr_page' id='page_1' title='image "./deofficiislibri02cicegoog_0118.png"; bbox 0 0 2820 4178; ppageno 0'>
   <div class='ocr_carea' id='block_1_1' title="bbox 417 155 1268 230">
    <p class='ocr_par' dir='ltr' id='par_1_1' title="bbox 417 155 1268 230">
     <span class='ocr_line' id='line_1_1' title="bbox 417 155 1268 230; baseline 0.016 -23"><span class='ocrx_word' id='word_1_1' title='bbox 417 155 485 210; x_wconf 91' lang='lat' dir='ltr'>LIB.</span> <span class='ocrx_word' id='word_1_2' title='bbox 505 158 553 211; x_wconf 90' lang='lat' dir='ltr'>III.</span> <span class='ocrx_word' id='word_1_3' title='bbox 591 157 666 214; x_wconf 77' lang='lat' dir='ltr'>OAP.</span> <span class='ocrx_word' id='word_1_4' title='bbox 686 162 797 214; x_wconf 81' lang='lat'>23—26.</span> <span class='ocrx_word' id='word_1_5' title='bbox 834 158 849 230; x_wconf 63' lang='grc' dir='ltr'><strong>ἕ</strong></span> <span class='ocrx_word' id='word_1_6' title='bbox 867 162 979 213; x_wconf 87' lang='grc'><strong>90-97.</strong></span> <span class='ocrx_word' id='word_1_7' title='bbox 1208 162 1268 223; x_wconf 77' lang='grc'>105</span> 
     </span>
    </p>
   </div>
   <div class='ocr_carea' id='block_1_2' title="bbox 86 328 1315 3013">
    <p class='ocr_par' dir='ltr' id='par_1_2' title="bbox 86 328 1315 3013">
     <span class='ocr_line' id='line_1_2' title="bbox 128 328 1269 414; baseline 0.004 -23"><span class='ocrx_word' id='word_1_8' title='bbox 128 328 276 411; x_wconf 86' lang='lat' dir='ltr'>publicae</span> <span class='ocrx_word' id='word_1_9' title='bbox 307 350 457 410; x_wconf 84' lang='lat' dir='ltr'>magnum</span> <span class='ocrx_word' id='word_1_10' title='bbox 487 330 618 414; x_wconf 82' lang='lat' dir='ltr'>aliquod</span> <span class='ocrx_word' id='word_1_11' title='bbox 646 339 773 414; x_wconf 87' lang='lat' dir='ltr'>tempus</span> <span class='ocrx_word' id='word_1_12' title='bbox 797 332 978 412; x_wconf 89' lang='lat' dir='ltr'>contulerit,</span> <span class='ocrx_word' id='word_1_13' title='bbox 1008 337 1045 395; x_wconf 91' lang='lat' dir='ltr'>ut</span> <span class='ocrx_word' id='word_1_14' title='bbox 1066 331 1117 396; x_wconf 89' lang='lat' dir='ltr'>vel</span> <span class='ocrx_word' id='word_1_15' title='bbox 1139 330 1269 408; x_wconf 85' lang='lat' dir='ltr'>saltare,</span> 
     </span>
     <span class='ocr_line' id='line_1_3' title="bbox 128 416 1312 502; baseline 0.004 -23"><span class='ocrx_word' id='word_1_16' title='bbox 128 435 201 479; x_wconf 85' lang='lat' dir='ltr'>eum</span> <span class='ocrx_word' id='word_1_17' title='bbox 223 416 349 498; x_wconf 79' lang='lat' dir='ltr'><strong>patriae</strong></span> <span class='ocrx_word' id='word_1_18' title='bbox 373 416 577 488; x_wconf 89' lang='lat' dir='ltr'>consulturus</span> <span class='ocrx_word' id='word_1_19' title='bbox 599 420 650 500; x_wconf 89' lang='lat' dir='ltr'>sit,</span> <span class='ocrx_word' id='word_1_20' title='bbox 674 426 768 502; x_wconf 88' lang='lat' dir='ltr'>turpe</span> <span class='ocrx_word' id='word_1_21' title='bbox 791 440 855 483; x_wconf 93' lang='lat' dir='ltr'>non</span> <span class='ocrx_word' id='word_1_22' title='bbox 879 421 928 483; x_wconf 89' lang='lat' dir='ltr'>sit.</span> <span class='ocrx_word' id='word_1_23' title='bbox 1299 479 1312 495; x_wconf 85' lang='grc'>,</span> 
     </span>
     <span class='ocr_line' id='line_1_4' title="bbox 214 479 1315 602; baseline 0 -35"><span class='ocrx_word' id='word_1_24' title='bbox 214 503 261 567; x_wconf 81' lang='lat' dir='ltr'>hc</span> <span class='ocrx_word' id='word_1_25' title='bbox 283 523 324 566; x_wconf 92' lang='lat' dir='ltr'>ne</span> <span class='ocrx_word' id='word_1_26' title='bbox 345 502 402 566; x_wconf 91' lang='lat' dir='ltr'>illa</span> <span class='ocrx_word' id='word_1_27' title='bbox 417 505 547 585; x_wconf 90' lang='lat' dir='ltr'>quidem</span> <span class='ocrx_word' id='word_1_28' title='bbox 562 506 721 587; x_wconf 88' lang='lat' dir='ltr'>promissa</span> <span class='ocrx_word' id='word_1_29' title='bbox 736 506 895 570; x_wconf 87' lang='lat' dir='ltr'>servanda</span> <span class='ocrx_word' id='word_1_30' title='bbox 910 511 994 586; x_wconf 91' lang='lat' dir='ltr'>sunt,</span> <span class='ocrx_word' id='word_1_31' title='bbox 1018 525 1101 587; x_wconf 87' lang='lat' dir='ltr'>quae</span> <span class='ocrx_word' id='word_1_32' title='bbox 1115 524 1181 569; x_wconf 95' lang='lat' dir='ltr'>non</span> <span class='ocrx_word' id='word_1_33' title='bbox 1196 479 1315 602; x_wconf 59' lang='grc' dir='ltr'>11111ἓῖ</span> 
     </span>
     <span class='ocr_line' id='line_1_5' title="bbox 126 588 1271 674; baseline 0.003 -23"><span class='ocrx_word' id='word_1_34' title='bbox 126 588 166 652; x_wconf 89' lang='lat' dir='ltr'>iis</span> <span class='ocrx_word' id='word_1_35' title='bbox 187 589 266 671; x_wconf 89' lang='lat' dir='ltr'>ipsis</span> <span class='ocrx_word' id='word_1_36' title='bbox 288 590 390 670; x_wconf 91' lang='lat' dir='ltr'>utilia,</span> <span class='ocrx_word' id='word_1_37' title='bbox 413 591 528 670; x_wconf 92' lang='lat' dir='ltr'>quibus</span> <span class='ocrx_word' id='word_1_38' title='bbox 551 591 608 656; x_wconf 91' lang='lat' dir='ltr'>illa</span> <span class='ocrx_word' id='word_1_39' title='bbox 630 593 825 674; x_wconf 83' lang='lat' dir='ltr'>promiseris</span> <span class='ocrx_word' id='word_1_40' title='bbox 849 592 905 657; x_wconf 82' lang='lat' dir='ltr'>Sol</span> <span class='ocrx_word' id='word_1_41' title='bbox 920 591 1113 655; x_wconf 72' lang='lat' dir='ltr'>Phaethonti</span> <span class='ocrx_word' id='word_1_42' title='bbox 1134 591 1211 671; x_wconf 93' lang='lat' dir='ltr'>filio,</span> <span class='ocrx_word' id='word_1_43' title='bbox 1234 597 1271 654; x_wconf 93' lang='lat' dir='ltr'>ut</span> 
     </span>
     <span class='ocr_line' id='line_1_6' title="bbox 86 675 1270 760; baseline -0.002 -18"><span class='ocrx_word' id='word_1_44' title='bbox 86 675 298 742; x_wconf 71' lang='lat' dir='ltr'>sredeamus</span> <span class='ocrx_word' id='word_1_45' title='bbox 328 677 371 740; x_wconf 90' lang='lat' dir='ltr'>ad</span> <span class='ocrx_word' id='word_1_46' title='bbox 401 676 537 758; x_wconf 85' lang='lat' dir='ltr'>fabulas,</span> <span class='ocrx_word' id='word_1_47' title='bbox 568 678 729 743; x_wconf 85' lang='lat' dir='ltr'>facturum</span> <span class='ocrx_word' id='word_1_48' title='bbox 759 700 793 743; x_wconf 89' lang='lat' dir='ltr'>se</span> <span class='ocrx_word' id='word_1_49' title='bbox 818 698 888 743; x_wconf 90' lang='lat' dir='ltr'>esse</span> <span class='ocrx_word' id='word_1_50' title='bbox 912 678 1001 758; x_wconf 86' lang='lat' dir='ltr'>dixit,</span> <span class='ocrx_word' id='word_1_51' title='bbox 1034 676 1190 760; x_wconf 90' lang='lat' dir='ltr'>quidquid</span> <span class='ocrx_word' id='word_1_52' title='bbox 1214 697 1270 758; x_wconf 93' lang='lat' dir='ltr'>op-</span> 
     </span>
     <span class='ocr_line' id='line_1_7' title="bbox 128 763 1269 848; baseline 0.002 -24"><span class='ocrx_word' id='word_1_53' title='bbox 128 766 238 826; x_wconf 89' lang='lat' dir='ltr'>tasset.</span> <span class='ocrx_word' id='word_1_54' title='bbox 278 763 418 846; x_wconf 89' lang='lat' dir='ltr'>Optavit,</span> <span class='ocrx_word' id='word_1_55' title='bbox 441 765 534 828; x_wconf 87' lang='lat' dir='ltr'>utin</span> <span class='ocrx_word' id='word_1_56' title='bbox 557 786 686 829; x_wconf 90' lang='lat' dir='ltr'>currum</span> <span class='ocrx_word' id='word_1_57' title='bbox 708 766 811 848; x_wconf 89' lang='lat' dir='ltr'>patris</span> <span class='ocrx_word' id='word_1_58' title='bbox 833 765 1020 844; x_wconf 79' lang='lat' dir='ltr'>tolleretur,</span> <span class='ocrx_word' id='word_1_59' title='bbox 1043 764 1188 829; x_wconf 87' lang='lat' dir='ltr'>sublatus</span> <span class='ocrx_word' id='word_1_60' title='bbox 1212 769 1269 827; x_wconf 92' lang='lat' dir='ltr'>est.</span> 
     </span>
     <span class='ocr_line' id='line_1_8' title="bbox 128 848 1269 933; baseline 0.003 -23"><span class='ocrx_word' id='word_1_61' title='bbox 128 848 233 930; x_wconf 79' lang='lat' dir='ltr'>Atque</span> <span class='ocrx_word' id='word_1_62' title='bbox 249 850 286 928; x_wconf 91' lang='lat' dir='ltr'>is,</span> <span class='ocrx_word' id='word_1_63' title='bbox 303 856 379 914; x_wconf 90' lang='lat' dir='ltr'>ante</span> <span class='ocrx_word' id='word_1_64' title='bbox 395 871 492 933; x_wconf 90' lang='lat' dir='ltr'>quam</span> <span class='ocrx_word' id='word_1_65' title='bbox 509 853 663 932; x_wconf 87' lang='lat' dir='ltr'>constitit,</span> <span class='ocrx_word' id='word_1_66' title='bbox 679 853 747 916; x_wconf 90' lang='lat' dir='ltr'>ietu</span> <span class='ocrx_word' id='word_1_67' title='bbox 762 852 904 916; x_wconf 85' lang='lat' dir='ltr'><strong>fulminis</strong></span> <span class='ocrx_word' id='word_1_68' title='bbox 921 851 1118 932; x_wconf 84' lang='lat' dir='ltr'>deflagravit.</span> <span class='ocrx_word' id='word_1_69' title='bbox 1143 849 1269 926; x_wconf 85' lang='lat' dir='ltr'>Quanto</span> 
     </span>
     <span class='ocr_line' id='line_1_9' title="bbox 127 935 1269 1022; baseline 0.002 -25"><span class='ocrx_word' id='word_1_70' title='bbox 127 935 242 1000; x_wconf 89' lang='lat' dir='ltr'>melius</span> <span class='ocrx_word' id='word_1_71' title='bbox 273 935 380 1001; x_wconf 85' lang='lat' dir='ltr'>iuerat</span> <span class='ocrx_word' id='word_1_72' title='bbox 408 939 441 1001; x_wconf 91' lang='lat' dir='ltr'>in</span> <span class='ocrx_word' id='word_1_73' title='bbox 471 937 532 1002; x_wconf 87' lang='lat' dir='ltr'>hoe</span> <span class='ocrx_word' id='word_1_74' title='bbox 562 940 756 1022; x_wconf 88' lang='lat' dir='ltr'>promissum</span> <span class='ocrx_word' id='word_1_75' title='bbox 785 938 888 1021; x_wconf 88' lang='lat' dir='ltr'>patris</span> <span class='ocrx_word' id='word_1_76' title='bbox 911 960 975 1003; x_wconf 92' lang='lat' dir='ltr'>non</span> <span class='ocrx_word' id='word_1_77' title='bbox 998 958 1068 1001; x_wconf 90' lang='lat' dir='ltr'>esse</span> <span class='ocrx_word' id='word_1_78' title='bbox 1092 937 1269 1002; x_wconf 81' lang='lat' dir='ltr'>servatum!</span> 
     </span>
     <span class='ocr_line' id='line_1_10' title="bbox 128 1018 1271 1108; baseline 0.003 -24"><span class='ocrx_word' id='word_1_79' title='bbox 128 1018 221 1101; x_wconf 84' lang='lat' dir='ltr'>Quid,</span> <span class='ocrx_word' id='word_1_80' title='bbox 245 1024 331 1103; x_wconf 90' lang='lat' dir='ltr'>quod</span> <span class='ocrx_word' id='word_1_81' title='bbox 354 1023 496 1088; x_wconf 82' lang='lat' dir='ltr'>Theseus</span> <span class='ocrx_word' id='word_1_82' title='bbox 520 1026 626 1108; x_wconf 80' lang='lat' dir='ltr'>exegit</span> <span class='ocrx_word' id='word_1_83' title='bbox 648 1028 841 1108; x_wconf 88' lang='lat' dir='ltr'>promissum</span> <span class='ocrx_word' id='word_1_84' title='bbox 864 1047 884 1090; x_wconf 92' lang='lat' dir='ltr'>a</span> <span class='ocrx_word' id='word_1_85' title='bbox 906 1025 1079 1106; x_wconf 77' lang='lat' dir='ltr'>Neptuno?</span> <span class='ocrx_word' id='word_1_86' title='bbox 1117 1022 1176 1087; x_wconf 85' lang='lat' dir='ltr'>Oui</span> <span class='ocrx_word' id='word_1_87' title='bbox 1197 1044 1271 1087; x_wconf 90' lang='lat' dir='ltr'>eum</span> 
     </span>
     <span class='ocr_line' id='line_1_11' title="bbox 90 1109 1271 1194; baseline -0.003 -19"><span class='ocrx_word' id='word_1_88' title='bbox 90 1137 117 1175; x_wconf 81' lang='grc' dir='ltr'>ιο</span> <span class='ocrx_word' id='word_1_89' title='bbox 127 1112 194 1172; x_wconf 83' lang='lat' dir='ltr'>tres</span> <span class='ocrx_word' id='word_1_90' title='bbox 217 1110 400 1191; x_wconf 84' lang='lat' dir='ltr'>optationes</span> <span class='ocrx_word' id='word_1_91' title='bbox 415 1110 584 1194; x_wconf 86' lang='lat' dir='ltr'>Neptunus</span> <span class='ocrx_word' id='word_1_92' title='bbox 600 1113 761 1191; x_wconf 85' lang='lat' dir='ltr'>dedisset,</span> <span class='ocrx_word' id='word_1_93' title='bbox 785 1113 909 1194; x_wconf 89' lang='lat' dir='ltr'>optavit</span> <span class='ocrx_word' id='word_1_94' title='bbox 923 1112 1089 1175; x_wconf 89' lang='lat' dir='ltr'>interitum</span> <span class='ocrx_word' id='word_1_95' title='bbox 1105 1109 1271 1193; x_wconf 87' lang='lat' dir='ltr'>Hippolyti</span> 
     </span>
     <span class='ocr_line' id='line_1_12' title="bbox 129 1190 1271 1280; baseline 0.003 -24"><span class='ocrx_word' id='word_1_96' title='bbox 129 1190 196 1273; x_wconf 89' lang='lat' dir='ltr'>filii,</span> <span class='ocrx_word' id='word_1_97' title='bbox 221 1216 293 1259; x_wconf 87' lang='lat' dir='ltr'>cum</span> <span class='ocrx_word' id='word_1_98' title='bbox 315 1197 342 1260; x_wconf 90' lang='lat' dir='ltr'>is</span> <span class='ocrx_word' id='word_1_99' title='bbox 364 1198 451 1280; x_wconf 88' lang='lat' dir='ltr'>patri</span> <span class='ocrx_word' id='word_1_100' title='bbox 474 1205 642 1280; x_wconf 86' lang='lat' dir='ltr'>suspectus</span> <span class='ocrx_word' id='word_1_101' title='bbox 667 1205 753 1263; x_wconf 88' lang='lat' dir='ltr'>esset</span> <span class='ocrx_word' id='word_1_102' title='bbox 768 1199 807 1263; x_wconf 90' lang='lat' dir='ltr'>de</span> <span class='ocrx_word' id='word_1_103' title='bbox 824 1219 979 1277; x_wconf 73' lang='lat' dir='ltr'>noverca,</span> <span class='ocrx_word' id='word_1_104' title='bbox 1003 1219 1066 1278; x_wconf 90' lang='lat' dir='ltr'>quo</span> <span class='ocrx_word' id='word_1_105' title='bbox 1083 1203 1195 1278; x_wconf 91' lang='lat' dir='ltr'>optato</span> <span class='ocrx_word' id='word_1_106' title='bbox 1211 1197 1271 1259; x_wconf 91' lang='lat' dir='ltr'>im·</span> 
     </span>
     <span class='ocr_line' id='line_1_13' title="bbox 129 1283 1315 1369; baseline 0.004 -26"><span class='ocrx_word' id='word_1_107' title='bbox 129 1287 259 1361; x_wconf 87' lang='lat' dir='ltr'>petrato</span> <span class='ocrx_word' id='word_1_108' title='bbox 282 1283 423 1348; x_wconf 87' lang='lat' dir='ltr'>Theseus</span> <span class='ocrx_word' id='word_1_109' title='bbox 454 1285 487 1348; x_wconf 92' lang='lat' dir='ltr'>in</span> <span class='ocrx_word' id='word_1_110' title='bbox 510 1287 657 1350; x_wconf 83' lang='lat' dir='ltr'>maximis</span> <span class='ocrx_word' id='word_1_111' title='bbox 680 1287 741 1350; x_wconf 85' lang='lat' dir='ltr'>fuit</span> <span class='ocrx_word' id='word_1_112' title='bbox 762 1285 911 1351; x_wconf 85' lang='lat' dir='ltr'>luctibus.</span> <span class='ocrx_word' id='word_1_113' title='bbox 958 1285 1050 1364; x_wconf 79' lang='lat' dir='ltr'>Quid,</span> <span class='ocrx_word' id='word_1_114' title='bbox 1082 1283 1164 1369; x_wconf 83' lang='lat' dir='ltr'>quod</span> <span class='ocrx_word' id='word_1_115' title='bbox 1186 1283 1271 1364; x_wconf 79' lang='lat' dir='ltr'>Aga·</span> <span class='ocrx_word' id='word_1_116' title='bbox 1280 1297 1315 1348; x_wconf 83' lang='lat'>95</span> 
     </span>
     <span class='ocr_line' id='line_1_14' title="bbox 128 1369 1270 1455; baseline 0.002 -25"><span class='ocrx_word' id='word_1_117' title='bbox 128 1388 278 1432; x_wconf 91' lang='lat' dir='ltr'>memnon</span> <span class='ocrx_word' id='word_1_118' title='bbox 302 1391 375 1433; x_wconf 88' lang='lat' dir='ltr'>cum</span> <span class='ocrx_word' id='word_1_119' title='bbox 397 1372 578 1436; x_wconf 84' lang='lat' dir='ltr'>devovisset</span> <span class='ocrx_word' id='word_1_120' title='bbox 593 1373 728 1453; x_wconf 90' lang='lat' dir='ltr'>Dianae,</span> <span class='ocrx_word' id='word_1_121' title='bbox 753 1373 839 1455; x_wconf 92' lang='lat' dir='ltr'>quod</span> <span class='ocrx_word' id='word_1_122' title='bbox 863 1373 896 1435; x_wconf 91' lang='lat' dir='ltr'>in</span> <span class='ocrx_word' id='word_1_123' title='bbox 919 1392 975 1435; x_wconf 89' lang='lat' dir='ltr'>suo</span> <span class='ocrx_word' id='word_1_124' title='bbox 999 1392 1098 1453; x_wconf 85' lang='lat' dir='ltr'>regno</span> <span class='ocrx_word' id='word_1_125' title='bbox 1122 1369 1270 1451; x_wconf 87' lang='lat' dir='ltr'>pulcher-</span> 
     </span>
     <span class='ocr_line' id='line_1_15' title="bbox 128 1454 1273 1540; baseline 0.003 -25"><span class='ocrx_word' id='word_1_126' title='bbox 128 1454 245 1519; x_wconf 90' lang='lat' dir='ltr'>rimum</span> <span class='ocrx_word' id='word_1_127' title='bbox 267 1462 379 1520; x_wconf 90' lang='lat' dir='ltr'>natum</span> <span class='ocrx_word' id='word_1_128' title='bbox 395 1463 481 1521; x_wconf 89' lang='lat' dir='ltr'>esset</span> <span class='ocrx_word' id='word_1_129' title='bbox 496 1458 552 1524; x_wconf 91' lang='lat' dir='ltr'>illo</span> <span class='ocrx_word' id='word_1_130' title='bbox 573 1481 667 1533; x_wconf 86' lang='lat' dir='ltr'>anno,</span> <span class='ocrx_word' id='word_1_131' title='bbox 691 1458 858 1523; x_wconf 81' lang='lat' dir='ltr'>inmolavit</span> <span class='ocrx_word' id='word_1_132' title='bbox 876 1458 1085 1540; x_wconf 86' lang='lat' dir='ltr'>Iphigeniam,</span> <span class='ocrx_word' id='word_1_133' title='bbox 1110 1478 1174 1540; x_wconf 92' lang='lat' dir='ltr'>qua</span> <span class='ocrx_word' id='word_1_134' title='bbox 1193 1455 1273 1519; x_wconf 92' lang='lat' dir='ltr'>nihil</span> 
     </span>
     <span class='ocr_line' id='line_1_16' title="bbox 91 1543 1270 1628; baseline 0 -23"><span class='ocrx_word' id='word_1_135' title='bbox 91 1566 119 1605; x_wconf 86' lang='lat'>15</span> <span class='ocrx_word' id='word_1_136' title='bbox 129 1547 200 1605; x_wconf 89' lang='lat' dir='ltr'>erat</span> <span class='ocrx_word' id='word_1_137' title='bbox 223 1563 260 1606; x_wconf 92' lang='lat' dir='ltr'>eo</span> <span class='ocrx_word' id='word_1_138' title='bbox 284 1543 414 1624; x_wconf 89' lang='lat' dir='ltr'>quidem</span> <span class='ocrx_word' id='word_1_139' title='bbox 438 1566 521 1608; x_wconf 91' lang='lat' dir='ltr'>anno</span> <span class='ocrx_word' id='word_1_140' title='bbox 533 1552 645 1609; x_wconf 86' lang='lat' dir='ltr'>natum</span> <span class='ocrx_word' id='word_1_141' title='bbox 660 1545 850 1628; x_wconf 81' lang='lat' dir='ltr'>pulchrius?</span> <span class='ocrx_word' id='word_1_142' title='bbox 872 1546 1069 1609; x_wconf 90' lang='lat' dir='ltr'>Promissum</span> <span class='ocrx_word' id='word_1_143' title='bbox 1084 1544 1192 1626; x_wconf 88' lang='lat' dir='ltr'>potius</span> <span class='ocrx_word' id='word_1_144' title='bbox 1208 1564 1270 1607; x_wconf 93' lang='lat' dir='ltr'>non</span> 
     </span>
     <span class='ocr_line' id='line_1_17' title="bbox 128 1626 1272 1711; baseline 0.005 -23"><span class='ocrx_word' id='word_1_145' title='bbox 128 1626 313 1693; x_wconf 86' lang='lat' dir='ltr'>faciendum</span> <span class='ocrx_word' id='word_1_146' title='bbox 336 1650 433 1711; x_wconf 89' lang='lat' dir='ltr'>quam</span> <span class='ocrx_word' id='word_1_147' title='bbox 456 1636 524 1694; x_wconf 85' lang='lat' dir='ltr'>tam</span> <span class='ocrx_word' id='word_1_148' title='bbox 542 1637 684 1696; x_wconf 88' lang='lat' dir='ltr'>taetrum</span> <span class='ocrx_word' id='word_1_149' title='bbox 700 1631 825 1696; x_wconf 84' lang='lat' dir='ltr'>facinus</span> <span class='ocrx_word' id='word_1_150' title='bbox 841 1631 1076 1695; x_wconf 88' lang='lat' dir='ltr'>admittendum</span> <span class='ocrx_word' id='word_1_151' title='bbox 1092 1629 1162 1693; x_wconf 87' lang='lat' dir='ltr'>fuit.</span> <span class='ocrx_word' id='word_1_152' title='bbox 1185 1629 1272 1711; x_wconf 84' lang='lat' dir='ltr'>Ergo</span> 
     </span>
     <span class='ocr_line' id='line_1_18' title="bbox 130 1716 1271 1799; baseline 0.004 -24"><span class='ocrx_word' id='word_1_153' title='bbox 130 1720 162 1776; x_wconf 90' lang='lat' dir='ltr'>et</span> <span class='ocrx_word' id='word_1_154' title='bbox 191 1716 349 1795; x_wconf 88' lang='lat' dir='ltr'>promissa</span> <span class='ocrx_word' id='word_1_155' title='bbox 379 1738 443 1780; x_wconf 88' lang='lat' dir='ltr'>non</span> <span class='ocrx_word' id='word_1_156' title='bbox 465 1717 615 1782; x_wconf 85' lang='lat' dir='ltr'>facienda</span> <span class='ocrx_word' id='word_1_157' title='bbox 637 1741 699 1783; x_wconf 90' lang='lat' dir='ltr'>non</span> <span class='ocrx_word' id='word_1_158' title='bbox 721 1739 906 1799; x_wconf 89' lang='lat' dir='ltr'>numquam,</span> <span class='ocrx_word' id='word_1_159' title='bbox 938 1738 1041 1799; x_wconf 91' lang='lat' dir='ltr'>neque</span> <span class='ocrx_word' id='word_1_160' title='bbox 1065 1737 1193 1799; x_wconf 87' lang='lat' dir='ltr'>semper</span> <span class='ocrx_word' id='word_1_161' title='bbox 1216 1716 1271 1779; x_wconf 89' lang='lat' dir='ltr'>de-</span> 
     </span>
     <span class='ocr_line' id='line_1_19' title="bbox 128 1801 1271 1887; baseline 0.003 -24"><span class='ocrx_word' id='word_1_162' title='bbox 128 1801 235 1880; x_wconf 88' lang='lat' dir='ltr'>posita</span> <span class='ocrx_word' id='word_1_163' title='bbox 257 1802 433 1867; x_wconf 90' lang='lat' dir='ltr'>reddenda.</span> <span class='ocrx_word' id='word_1_164' title='bbox 458 1804 491 1867; x_wconf 85' lang='lat' dir='ltr'>Si</span> <span class='ocrx_word' id='word_1_165' title='bbox 514 1805 656 1887; x_wconf 80' lang='lat' dir='ltr'>gladium</span> <span class='ocrx_word' id='word_1_166' title='bbox 677 1807 750 1887; x_wconf 91' lang='lat' dir='ltr'>quis</span> <span class='ocrx_word' id='word_1_167' title='bbox 774 1805 860 1886; x_wconf 87' lang='lat' dir='ltr'>apud</span> <span class='ocrx_word' id='word_1_168' title='bbox 883 1810 915 1868; x_wconf 91' lang='lat' dir='ltr'>te</span> <span class='ocrx_word' id='word_1_169' title='bbox 939 1824 1019 1868; x_wconf 91' lang='lat' dir='ltr'>sana</span> <span class='ocrx_word' id='word_1_170' title='bbox 1040 1809 1148 1866; x_wconf 89' lang='lat' dir='ltr'>mente</span> <span class='ocrx_word' id='word_1_171' title='bbox 1172 1803 1271 1883; x_wconf 91' lang='lat' dir='ltr'>depo-</span> 
     </span>
     <span class='ocr_line' id='line_1_20' title="bbox 129 1888 1272 1974; baseline 0.002 -25"><span class='ocrx_word' id='word_1_172' title='bbox 129 1888 239 1969; x_wconf 87' lang='lat' dir='ltr'>suerit,</span> <span class='ocrx_word' id='word_1_173' title='bbox 269 1895 398 1971; x_wconf 88' lang='lat' dir='ltr'>repetat</span> <span class='ocrx_word' id='word_1_174' title='bbox 419 1892 590 1970; x_wconf 86' lang='lat' dir='ltr'>insaniens,</span> <span class='ocrx_word' id='word_1_175' title='bbox 616 1893 753 1956; x_wconf 86' lang='lat' dir='ltr'>reddere</span> <span class='ocrx_word' id='word_1_176' title='bbox 776 1897 946 1974; x_wconf 85' lang='lat' dir='ltr'>peecatum</span> <span class='ocrx_word' id='word_1_177' title='bbox 969 1892 1019 1970; x_wconf 89' lang='lat' dir='ltr'>sit,</span> <span class='ocrx_word' id='word_1_178' title='bbox 1044 1888 1185 1954; x_wconf 85' lang='lat' dir='ltr'>officium</span> <span class='ocrx_word' id='word_1_179' title='bbox 1208 1910 1272 1951; x_wconf 93' lang='lat' dir='ltr'>non</span> 
     </span>
     <span class='ocr_line' id='line_1_21' title="bbox 90 1975 1273 2061; baseline -0.002 -21"><span class='ocrx_word' id='word_1_180' title='bbox 90 2001 119 2040; x_wconf 77' lang='lat' dir='ltr'>eo</span> <span class='ocrx_word' id='word_1_181' title='bbox 129 1975 274 2040; x_wconf 84' lang='lat' dir='ltr'>reddere.</span> <span class='ocrx_word' id='word_1_182' title='bbox 299 1976 405 2054; x_wconf 77' lang='lat' dir='ltr'>Quid?</span> <span class='ocrx_word' id='word_1_183' title='bbox 429 1980 455 2043; x_wconf 91' lang='lat' dir='ltr'>si</span> <span class='ocrx_word' id='word_1_184' title='bbox 471 1980 507 2059; x_wconf 82' lang='grc'>11,</span> <span class='ocrx_word' id='word_1_185' title='bbox 532 1980 586 2061; x_wconf 89' lang='lat' dir='ltr'>qui</span> <span class='ocrx_word' id='word_1_186' title='bbox 602 1979 688 2061; x_wconf 90' lang='lat' dir='ltr'>apud</span> <span class='ocrx_word' id='word_1_187' title='bbox 704 1984 737 2042; x_wconf 91' lang='lat' dir='ltr'>te</span> <span class='ocrx_word' id='word_1_188' title='bbox 753 1979 924 2061; x_wconf 90' lang='lat' dir='ltr'>pecuniam</span> <span class='ocrx_word' id='word_1_189' title='bbox 940 1977 1135 2059; x_wconf 87' lang='lat' dir='ltr'>deposuerit,</span> <span class='ocrx_word' id='word_1_190' title='bbox 1151 1975 1273 2040; x_wconf 90' lang='lat' dir='ltr'>bellum</span> 
     </span>
     <span class='ocr_line' id='line_1_22' title="bbox 128 2060 1273 2147; baseline 0.003 -24"><span class='ocrx_word' id='word_1_191' title='bbox 128 2060 246 2126; x_wconf 88' lang='lat' dir='ltr'>inferat</span> <span class='ocrx_word' id='word_1_192' title='bbox 268 2064 404 2145; x_wconf 89' lang='lat' dir='ltr'>patriae,</span> <span class='ocrx_word' id='word_1_193' title='bbox 428 2066 586 2131; x_wconf 87' lang='lat' dir='ltr'>reddasne</span> <span class='ocrx_word' id='word_1_194' title='bbox 606 2067 813 2147; x_wconf 82' lang='lat' dir='ltr'>depositum?</span> <span class='ocrx_word' id='word_1_195' title='bbox 836 2065 908 2130; x_wconf 91' lang='lat' dir='ltr'>Non</span> <span class='ocrx_word' id='word_1_196' title='bbox 932 2065 1047 2144; x_wconf 82' lang='lat' dir='ltr'>ored03</span> <span class='ocrx_word' id='word_1_197' title='bbox 1070 2063 1171 2128; x_wconf 83' lang='lat' dir='ltr'>facias</span> <span class='ocrx_word' id='word_1_198' title='bbox 1188 2063 1273 2126; x_wconf 87' lang='lat' dir='ltr'>enirn</span> 
     </span>
     <span class='ocr_line' id='line_1_23' title="bbox 130 2149 1271 2234; baseline 0.001 -23"><span class='ocrx_word' id='word_1_199' title='bbox 130 2156 241 2213; x_wconf 85' lang='lat' dir='ltr'>contra</span> <span class='ocrx_word' id='word_1_200' title='bbox 263 2171 333 2213; x_wconf 92' lang='lat' dir='ltr'>rem</span> <span class='ocrx_word' id='word_1_201' title='bbox 355 2149 527 2231; x_wconf 85' lang='lat' dir='ltr'>publicam,</span> <span class='ocrx_word' id='word_1_202' title='bbox 551 2173 633 2234; x_wconf 91' lang='lat' dir='ltr'>quae</span> <span class='ocrx_word' id='word_1_203' title='bbox 657 2153 755 2218; x_wconf 90' lang='lat' dir='ltr'>debet</span> <span class='ocrx_word' id='word_1_204' title='bbox 778 2174 848 2216; x_wconf 87' lang='lat' dir='ltr'>esse</span> <span class='ocrx_word' id='word_1_205' title='bbox 872 2152 1046 2216; x_wconf 89' lang='lat' dir='ltr'>carissima.</span> <span class='ocrx_word' id='word_1_206' title='bbox 1083 2150 1136 2214; x_wconf 85' lang='lat' dir='ltr'>Sic</span> <span class='ocrx_word' id='word_1_207' title='bbox 1158 2150 1271 2229; x_wconf 90' lang='lat' dir='ltr'>multa,</span> 
     </span>
     <span class='ocr_line' id='line_1_24' title="bbox 129 2236 1272 2320; baseline 0.002 -22"><span class='ocrx_word' id='word_1_208' title='bbox 129 2255 210 2314; x_wconf 88' lang='lat' dir='ltr'>quae</span> <span class='ocrx_word' id='word_1_209' title='bbox 233 2236 371 2299; x_wconf 89' lang='lat' dir='ltr'>honesta</span> <span class='ocrx_word' id='word_1_210' title='bbox 390 2243 507 2300; x_wconf 90' lang='lat' dir='ltr'>natura</span> <span class='ocrx_word' id='word_1_211' title='bbox 528 2239 676 2303; x_wconf 86' lang='lat' dir='ltr'>videntur</span> <span class='ocrx_word' id='word_1_212' title='bbox 699 2260 780 2317; x_wconf 91' lang='lat' dir='ltr'>esse,</span> <span class='ocrx_word' id='word_1_213' title='bbox 803 2239 1003 2320; x_wconf 90' lang='lat' dir='ltr'>temporibus</span> <span class='ocrx_word' id='word_1_214' title='bbox 1024 2236 1105 2300; x_wconf 88' lang='lat' dir='ltr'>fiunt</span> <span class='ocrx_word' id='word_1_215' title='bbox 1127 2258 1192 2301; x_wconf 92' lang='lat' dir='ltr'>non</span> <span class='ocrx_word' id='word_1_216' title='bbox 1214 2236 1272 2300; x_wconf 93' lang='lat' dir='ltr'>ho-</span> 
     </span>
     <span class='ocr_line' id='line_1_25' title="bbox 127 2322 1271 2405; baseline 0.001 -22"><span class='ocrx_word' id='word_1_217' title='bbox 127 2327 236 2401; x_wconf 76' lang='lat' dir='ltr'>nesta,</span> <span class='ocrx_word' id='word_1_218' title='bbox 272 2322 379 2386; x_wconf 81' lang='lat' dir='ltr'>lacere</span> <span class='ocrx_word' id='word_1_219' title='bbox 412 2324 580 2404; x_wconf 87' lang='lat' dir='ltr'>promissa,</span> <span class='ocrx_word' id='word_1_220' title='bbox 616 2334 703 2391; x_wconf 90' lang='lat' dir='ltr'>stare</span> <span class='ocrx_word' id='word_1_221' title='bbox 738 2326 912 2402; x_wconf 85' lang='lat' dir='ltr'>conventis,</span> <span class='ocrx_word' id='word_1_222' title='bbox 948 2324 1086 2388; x_wconf 85' lang='lat' dir='ltr'>reddere</span> <span class='ocrx_word' id='word_1_223' title='bbox 1123 2323 1271 2405; x_wconf 90' lang='lat' dir='ltr'>deposita</span> 
     </span>
     <span class='ocr_line' id='line_1_26' title="bbox 90 2409 1271 2491; baseline 0.001 -20"><span class='ocrx_word' id='word_1_224' title='bbox 90 2432 119 2471; x_wconf 81' lang='lat'>25</span> <span class='ocrx_word' id='word_1_225' title='bbox 129 2414 326 2472; x_wconf 85' lang='lat' dir='ltr'>commutata</span> <span class='ocrx_word' id='word_1_226' title='bbox 347 2409 488 2474; x_wconf 89' lang='lat' dir='ltr'>utilitate</span> <span class='ocrx_word' id='word_1_227' title='bbox 504 2409 584 2474; x_wconf 88' lang='lat' dir='ltr'>fiunt</span> <span class='ocrx_word' id='word_1_228' title='bbox 600 2434 662 2475; x_wconf 93' lang='lat' dir='ltr'>non</span> <span class='ocrx_word' id='word_1_229' title='bbox 679 2412 824 2475; x_wconf 87' lang='lat' dir='ltr'>honesta.</span> <span class='ocrx_word' id='word_1_230' title='bbox 849 2412 895 2474; x_wconf 83' lang='lat' dir='ltr'>Ae</span> <span class='ocrx_word' id='word_1_231' title='bbox 912 2412 951 2474; x_wconf 92' lang='lat' dir='ltr'>de</span> <span class='ocrx_word' id='word_1_232' title='bbox 970 2411 1007 2473; x_wconf 92' lang='lat' dir='ltr'>iis</span> <span class='ocrx_word' id='word_1_233' title='bbox 1024 2410 1163 2491; x_wconf 90' lang='lat' dir='ltr'>quidem,</span> <span class='ocrx_word' id='word_1_234' title='bbox 1188 2429 1271 2490; x_wconf 90' lang='lat' dir='ltr'>quae</span> 
     </span>
     <span class='ocr_line' id='line_1_27' title="bbox 127 2493 1271 2578; baseline 0.003 -23"><span class='ocrx_word' id='word_1_235' title='bbox 127 2493 276 2558; x_wconf 84' lang='lat' dir='ltr'>videntur</span> <span class='ocrx_word' id='word_1_236' title='bbox 292 2516 361 2560; x_wconf 88' lang='lat' dir='ltr'>esse</span> <span class='ocrx_word' id='word_1_237' title='bbox 376 2496 534 2560; x_wconf 90' lang='lat' dir='ltr'>utilitates</span> <span class='ocrx_word' id='word_1_238' title='bbox 551 2504 664 2561; x_wconf 88' lang='lat' dir='ltr'>eontra</span> <span class='ocrx_word' id='word_1_239' title='bbox 678 2498 836 2561; x_wconf 91' lang='lat' dir='ltr'>iustitiam</span> <span class='ocrx_word' id='word_1_240' title='bbox 850 2497 1054 2561; x_wconf 89' lang='lat' dir='ltr'>simulatione</span> <span class='ocrx_word' id='word_1_241' title='bbox 1066 2495 1271 2578; x_wconf 86' lang='lat' dir='ltr'>prudentiae,</span> 
     </span>
     <span class='ocr_line' id='line_1_28' title="bbox 129 2581 525 2647; baseline 0.01 -4"><span class='ocrx_word' id='word_1_242' title='bbox 129 2582 208 2645; x_wconf 88' lang='grc'>11111</span> <span class='ocrx_word' id='word_1_243' title='bbox 231 2581 372 2646; x_wconf 90' lang='lat' dir='ltr'>arbitror</span> <span class='ocrx_word' id='word_1_244' title='bbox 395 2583 525 2647; x_wconf 90' lang='lat' dir='ltr'>dictum.</span> 
     </span>
     <span class='ocr_line' id='line_1_29' title="bbox 215 2667 1314 2752; baseline -0.002 -20"><span class='ocrx_word' id='word_1_245' title='bbox 215 2667 279 2732; x_wconf 81' lang='lat' dir='ltr'>Sed</span> <span class='ocrx_word' id='word_1_246' title='bbox 302 2671 452 2750; x_wconf 88' lang='lat' dir='ltr'>quoniam</span> <span class='ocrx_word' id='word_1_247' title='bbox 476 2692 495 2734; x_wconf 90' lang='lat' dir='ltr'>a</span> <span class='ocrx_word' id='word_1_248' title='bbox 518 2675 670 2752; x_wconf 88' lang='lat' dir='ltr'>quattuor</span> <span class='ocrx_word' id='word_1_249' title='bbox 693 2668 835 2735; x_wconf 81' lang='lat' dir='ltr'>fontibus</span> <span class='ocrx_word' id='word_1_250' title='bbox 858 2668 1038 2732; x_wconf 88' lang='lat' dir='ltr'>honestatis</span> <span class='ocrx_word' id='word_1_251' title='bbox 1060 2669 1164 2750; x_wconf 92' lang='lat' dir='ltr'>primo</span> <span class='ocrx_word' id='word_1_252' title='bbox 1188 2667 1271 2732; x_wconf 90' lang='lat' dir='ltr'>libro</span> <span class='ocrx_word' id='word_1_253' title='bbox 1281 2679 1314 2730; x_wconf 84' lang='grc'>96</span> 
     </span>
     <span class='ocr_line' id='line_1_30' title="bbox 130 2752 1270 2836; baseline 0.003 -21"><span class='ocrx_word' id='word_1_254' title='bbox 130 2752 235 2818; x_wconf 83' lang='lat' dir='ltr'>officia</span> <span class='ocrx_word' id='word_1_255' title='bbox 258 2755 414 2836; x_wconf 70' lang='lat' dir='ltr'>duximus</span> <span class='ocrx_word' id='word_1_256' title='bbox 439 2757 472 2820; x_wconf 91' lang='lat' dir='ltr'>iu</span> <span class='ocrx_word' id='word_1_257' title='bbox 488 2757 609 2820; x_wconf 91' lang='lat' dir='ltr'>eisdem</span> <span class='ocrx_word' id='word_1_258' title='bbox 624 2777 798 2834; x_wconf 89' lang='lat' dir='ltr'>versemur,</span> <span class='ocrx_word' id='word_1_259' title='bbox 822 2777 894 2819; x_wconf 92' lang='lat' dir='ltr'>cum</span> <span class='ocrx_word' id='word_1_260' title='bbox 911 2755 1097 2819; x_wconf 84' lang='lat' dir='ltr'>docebimus</span> <span class='ocrx_word' id='word_1_261' title='bbox 1115 2776 1163 2835; x_wconf 88' lang='lat' dir='ltr'>ea,</span> <span class='ocrx_word' id='word_1_262' title='bbox 1187 2775 1270 2836; x_wconf 88' lang='lat' dir='ltr'>quae</span> 
     </span>
     <span class='ocr_line' id='line_1_31' title="bbox 91 2839 1269 2927; baseline 0.001 -23"><span class='ocrx_word' id='word_1_263' title='bbox 91 2839 297 2904; x_wconf 68' lang='lat' dir='ltr'>irrideantur</span> <span class='ocrx_word' id='word_1_264' title='bbox 328 2865 398 2908; x_wconf 89' lang='lat' dir='ltr'>esse</span> <span class='ocrx_word' id='word_1_265' title='bbox 424 2843 518 2907; x_wconf 91' lang='lat' dir='ltr'>utilia</span> <span class='ocrx_word' id='word_1_266' title='bbox 540 2864 644 2927; x_wconf 90' lang='lat' dir='ltr'>neque</span> <span class='ocrx_word' id='word_1_267' title='bbox 667 2844 740 2921; x_wconf 85' lang='lat' dir='ltr'>sint,</span> <span class='ocrx_word' id='word_1_268' title='bbox 772 2863 870 2924; x_wconf 86' lang='lat' dir='ltr'>quam</span> <span class='ocrx_word' id='word_1_269' title='bbox 893 2843 958 2907; x_wconf 85' lang='lat' dir='ltr'>sint</span> <span class='ocrx_word' id='word_1_270' title='bbox 979 2843 1106 2906; x_wconf 90' lang='lat' dir='ltr'>virtutis</span> <span class='ocrx_word' id='word_1_271' title='bbox 1130 2841 1269 2905; x_wconf 89' lang='lat' dir='ltr'>inimica.</span> 
     </span>
     <span class='ocr_line' id='line_1_32' title="bbox 127 2924 1270 3013; baseline 0.003 -25"><span class='ocrx_word' id='word_1_272' title='bbox 127 2924 175 2989; x_wconf 81' lang='lat' dir='ltr'>Ac</span> <span class='ocrx_word' id='word_1_273' title='bbox 198 2927 239 2989; x_wconf 90' lang='lat' dir='ltr'>de</span> <span class='ocrx_word' id='word_1_274' title='bbox 261 2930 434 3009; x_wconf 86' lang='lat' dir='ltr'>prudentia</span> <span class='ocrx_word' id='word_1_275' title='bbox 457 2930 596 3011; x_wconf 90' lang='lat' dir='ltr'>quidem,</span> <span class='ocrx_word' id='word_1_276' title='bbox 621 2951 717 3013; x_wconf 90' lang='lat' dir='ltr'>quam</span> <span class='ocrx_word' id='word_1_277' title='bbox 740 2929 808 2992; x_wconf 92' lang='lat' dir='ltr'>vult</span> <span class='ocrx_word' id='word_1_278' title='bbox 828 2931 947 2994; x_wconf 87' lang='lat' dir='ltr'>imitari</span> <span class='ocrx_word' id='word_1_279' title='bbox 970 2929 1103 3007; x_wconf 89' lang='lat' dir='ltr'>malitia,</span> <span class='ocrx_word' id='word_1_280' title='bbox 1129 2929 1270 3009; x_wconf 91' lang='lat' dir='ltr'>itemque</span> 
     </span>
    </p>
   </div>
   <div class='ocr_carea' id='block_1_3' title="bbox 88 3009 1272 3533">
    <p class='ocr_par' dir='ltr' id='par_1_3' title="bbox 88 3009 1272 3533">
     <span class='ocr_line' id='line_1_33' title="bbox 129 3009 1270 3099; baseline 0.005 -26"><span class='ocrx_word' id='word_1_281' title='bbox 129 3009 169 3074; x_wconf 94' lang='lat' dir='ltr'>de</span> <span class='ocrx_word' id='word_1_282' title='bbox 191 3013 322 3093; x_wconf 90' lang='lat' dir='ltr'>iustitia,</span> <span class='ocrx_word' id='word_1_283' title='bbox 353 3037 435 3096; x_wconf 90' lang='lat' dir='ltr'>quae</span> <span class='ocrx_word' id='word_1_284' title='bbox 460 3038 586 3099; x_wconf 91' lang='lat' dir='ltr'>semper</span> <span class='ocrx_word' id='word_1_285' title='bbox 609 3022 659 3080; x_wconf 89' lang='lat' dir='ltr'>est</span> <span class='ocrx_word' id='word_1_286' title='bbox 680 3016 779 3095; x_wconf 90' lang='lat' dir='ltr'>utilis,</span> <span class='ocrx_word' id='word_1_287' title='bbox 803 3016 1002 3097; x_wconf 89' lang='lat' dir='ltr'>disputatum</span> <span class='ocrx_word' id='word_1_288' title='bbox 1025 3021 1082 3079; x_wconf 88' lang='lat' dir='ltr'>est.</span> <span class='ocrx_word' id='word_1_289' title='bbox 1114 3015 1270 3096; x_wconf 88' lang='lat' dir='ltr'>Reliquae</span> 
     </span>
     <span class='ocr_line' id='line_1_34' title="bbox 129 3098 1270 3185; baseline 0.005 -27"><span class='ocrx_word' id='word_1_290' title='bbox 129 3104 203 3160; x_wconf 87' lang='lat' dir='ltr'>sunt</span> <span class='ocrx_word' id='word_1_291' title='bbox 226 3098 309 3162; x_wconf 89' lang='lat' dir='ltr'>duae</span> <span class='ocrx_word' id='word_1_292' title='bbox 324 3109 434 3181; x_wconf 88' lang='lat' dir='ltr'>partes</span> <span class='ocrx_word' id='word_1_293' title='bbox 448 3104 638 3185; x_wconf 66' lang='lat' dir='ltr'>honestatis</span> <span class='ocrx_word' id='word_1_294' title='bbox 662 3100 799 3185; x_wconf 90' lang='lat' dir='ltr'>quarum</span> <span class='ocrx_word' id='word_1_295' title='bbox 811 3102 915 3167; x_wconf 88' lang='lat' dir='ltr'>altera</span> <span class='ocrx_word' id='word_1_296' title='bbox 927 3102 959 3164; x_wconf 94' lang='lat' dir='ltr'>in</span> <span class='ocrx_word' id='word_1_297' title='bbox 972 3103 1070 3166; x_wconf 91' lang='lat' dir='ltr'>animi</span> <span class='ocrx_word' id='word_1_298' title='bbox 1083 3100 1270 3166; x_wconf 84' lang='lat' dir='ltr'>excellentis</span> 
     </span>
     <span class='ocr_line' id='line_1_35' title="bbox 128 3185 1270 3270; baseline 0.006 -25"><span class='ocrx_word' id='word_1_299' title='bbox 128 3185 348 3266; x_wconf 87' lang='lat' dir='ltr'>magnitudine</span> <span class='ocrx_word' id='word_1_300' title='bbox 371 3195 404 3251; x_wconf 90' lang='lat' dir='ltr'>et</span> <span class='ocrx_word' id='word_1_301' title='bbox 425 3191 626 3270; x_wconf 86' lang='lat' dir='ltr'>praestantia</span> <span class='ocrx_word' id='word_1_302' title='bbox 649 3191 800 3270; x_wconf 91' lang='lat' dir='ltr'>cernitur,</span> <span class='ocrx_word' id='word_1_303' title='bbox 832 3190 936 3253; x_wconf 88' lang='lat' dir='ltr'>altera</span> <span class='ocrx_word' id='word_1_304' title='bbox 958 3188 992 3251; x_wconf 94' lang='lat' dir='ltr'>in</span> <span class='ocrx_word' id='word_1_305' title='bbox 1015 3188 1270 3252; x_wconf 85' lang='lat' dir='ltr'>conformatione</span> 
     </span>
     <span class='ocr_line' id='line_1_36' title="bbox 88 3271 966 3358; baseline 0.005 -24"><span class='ocrx_word' id='word_1_306' title='bbox 88 3295 119 3335; x_wconf 82' lang='lat' dir='ltr'>ss</span> <span class='ocrx_word' id='word_1_307' title='bbox 129 3278 161 3333; x_wconf 92' lang='lat' dir='ltr'>et</span> <span class='ocrx_word' id='word_1_308' title='bbox 184 3271 405 3338; x_wconf 90' lang='lat' dir='ltr'>moderatione</span> <span class='ocrx_word' id='word_1_309' title='bbox 429 3278 644 3342; x_wconf 85' lang='lat' dir='ltr'>continentiae</span> <span class='ocrx_word' id='word_1_310' title='bbox 668 3283 700 3341; x_wconf 91' lang='lat' dir='ltr'>et</span> <span class='ocrx_word' id='word_1_311' title='bbox 722 3277 966 3358; x_wconf 90' lang='lat' dir='ltr'>temperantiae.</span> 
     </span>
     <span class='ocr_line' id='line_1_37' title="bbox 215 3357 1271 3445; baseline 0.002 -23"><span class='ocrx_word' id='word_1_312' title='bbox 215 3357 302 3422; x_wconf 90' lang='lat' dir='ltr'>Utile</span> <span class='ocrx_word' id='word_1_313' title='bbox 333 3361 502 3426; x_wconf 87' lang='lat' dir='ltr'>videbatur</span> <span class='ocrx_word' id='word_1_314' title='bbox 526 3363 619 3441; x_wconf 83' lang='lat' dir='ltr'>Ulixi,</span> <span class='ocrx_word' id='word_1_315' title='bbox 650 3372 686 3428; x_wconf 96' lang='lat' dir='ltr'>ut</span> <span class='ocrx_word' id='word_1_316' title='bbox 717 3364 847 3445; x_wconf 91' lang='lat' dir='ltr'>quidem</span> <span class='ocrx_word' id='word_1_317' title='bbox 876 3368 994 3445; x_wconf 69' lang='lat' dir='ltr'>poetae</span> <span class='ocrx_word' id='word_1_318' title='bbox 1023 3361 1138 3443; x_wconf 85' lang='lat' dir='ltr'>tragici</span> <span class='ocrx_word' id='word_1_319' title='bbox 1161 3360 1271 3443; x_wconf 87' lang='lat' dir='ltr'>prodi-</span> 
     </span>
     <span class='ocr_line' id='line_1_38' title="bbox 129 3444 1272 3533; baseline 0.003 -25"><span class='ocrx_word' id='word_1_320' title='bbox 129 3444 246 3509; x_wconf 91' lang='lat' dir='ltr'>derunt</span> <span class='ocrx_word' id='word_1_321' title='bbox 277 3446 366 3533; x_wconf 84' lang='lat' dir='ltr'>(nam</span> <span class='ocrx_word' id='word_1_322' title='bbox 397 3451 483 3531; x_wconf 90' lang='lat' dir='ltr'>apud</span> <span class='ocrx_word' id='word_1_323' title='bbox 513 3450 697 3529; x_wconf 87' lang='lat' dir='ltr'>Homerum,</span> <span class='ocrx_word' id='word_1_324' title='bbox 730 3452 886 3533; x_wconf 87' lang='lat' dir='ltr'>optimum</span> <span class='ocrx_word' id='word_1_325' title='bbox 917 3455 1093 3530; x_wconf 85' lang='lat' dir='ltr'>auctorem,</span> <span class='ocrx_word' id='word_1_326' title='bbox 1125 3448 1200 3512; x_wconf 87' lang='lat' dir='ltr'>talis</span> <span class='ocrx_word' id='word_1_327' title='bbox 1231 3447 1272 3511; x_wconf 91' lang='lat' dir='ltr'>de</span> 
     </span>
    </p>
   </div>
   <div class='ocr_carea' id='block_1_4' title="bbox 1280 3335 1316 3458">
    <p class='ocr_par' dir='ltr' id='par_1_4' title="bbox 1280 3335 1316 3458">
     <span class='ocr_line' id='line_1_39' title="bbox 1280 3335 1316 3391; baseline 0 0"><span class='ocrx_word' id='word_1_328' title='bbox 1280 3335 1316 3391; x_wconf 73' lang='lat'>26</span> 
     </span>
     <span class='ocr_line' id='line_1_40' title="bbox 1282 3408 1315 3458; baseline 0 0"><span class='ocrx_word' id='word_1_329' title='bbox 1282 3408 1315 3458; x_wconf 82' lang='lat'>97</span> 
     </span>
    </p>
   </div>
   <div class='ocr_carea' id='block_1_5' title="bbox 129 3620 1368 3949">
    <p class='ocr_par' dir='ltr' id='par_1_5' title="bbox 129 3620 1368 3949">
     <span class='ocr_line' id='line_1_41' title="bbox 216 3620 1365 3689; baseline 0.002 -16"><span class='ocrx_word' id='word_1_330' title='bbox 216 3624 240 3673; x_wconf 88' lang='lat'>7.</span> <span class='ocrx_word' id='word_1_331' title='bbox 260 3620 346 3686; x_wconf 78' lang='lat' dir='ltr'>Atque</span> <span class='ocrx_word' id='word_1_332' title='bbox 364 3620 453 3688; x_wconf 64' lang='lat' dir='ltr'>codd„</span> <span class='ocrx_word' id='word_1_333' title='bbox 472 3621 515 3673; x_wconf 87' lang='lat' dir='ltr'>Bt.</span> <span class='ocrx_word' id='word_1_334' title='bbox 524 3623 538 3688; x_wconf 88' lang='lat'>¹,</span> <span class='ocrx_word' id='word_1_335' title='bbox 557 3621 633 3685; x_wconf 76' lang='lat' dir='ltr'>Ml.2;</span> <span class='ocrx_word' id='word_1_336' title='bbox 652 3623 729 3687; x_wconf 81' lang='lat' dir='ltr'>atqui</span> <span class='ocrx_word' id='word_1_337' title='bbox 746 3622 917 3689; x_wconf 82' lang='lat' dir='ltr'>Fleckeisen,</span> <span class='ocrx_word' id='word_1_338' title='bbox 936 3623 1003 3689; x_wconf 83' lang='lat' dir='ltr'>Bt.²,</span> <span class='ocrx_word' id='word_1_339' title='bbox 1022 3621 1084 3673; x_wconf 78' lang='grc' dir='ltr'>111.Ι</span> <span class='ocrx_word' id='word_1_340' title='bbox 1103 3623 1171 3674; x_wconf 87' lang='lat'>-9.</span> <span class='ocrx_word' id='word_1_341' title='bbox 1191 3620 1271 3680; x_wconf 72' lang='lat' dir='ltr'>Quid,</span> <span class='ocrx_word' id='word_1_342' title='bbox 1362 3670 1365 3675; x_wconf 89' lang='lat'>.</span> 
     </span>
     <span class='ocr_line' id='line_1_42' title="bbox 129 3694 1368 3776; baseline 0.005 -19"><span class='ocrx_word' id='word_1_343' title='bbox 129 3707 199 3770; x_wconf 83' lang='lat' dir='ltr'>quod</span> <span class='ocrx_word' id='word_1_344' title='bbox 209 3738 242 3745; x_wconf 93' lang='lat'><strong>—</strong></span> <span class='ocrx_word' id='word_1_345' title='bbox 253 3708 364 3761; x_wconf 70' lang='lat' dir='ltr'>luctibus</span> <span class='ocrx_word' id='word_1_346' title='bbox 374 3709 409 3775; x_wconf 76' lang='lat' dir='ltr'>(v.</span> <span class='ocrx_word' id='word_1_347' title='bbox 422 3711 464 3776; x_wconf 77' lang='lat'>12)</span> <span class='ocrx_word' id='word_1_348' title='bbox 474 3709 538 3761; x_wconf 88' lang='lat' dir='ltr'>secl.</span> <span class='ocrx_word' id='word_1_349' title='bbox 549 3708 591 3760; x_wconf 84' lang='lat' dir='ltr'>Bt.</span> <span class='ocrx_word' id='word_1_350' title='bbox 602 3737 637 3748; x_wconf 93' lang='lat'><em>—</em></span> <span class='ocrx_word' id='word_1_351' title='bbox 647 3712 688 3761; x_wconf 84' lang='lat'>12.</span> <span class='ocrx_word' id='word_1_352' title='bbox 698 3709 769 3774; x_wconf 77' lang='lat' dir='ltr'>quod</span> <span class='ocrx_word' id='word_1_353' title='bbox 778 3709 901 3776; x_wconf 83' lang='lat' dir='ltr'>Mdller.;</span> <span class='ocrx_word' id='word_1_354' title='bbox 912 3727 965 3763; x_wconf 89' lang='lat' dir='ltr'>om.</span> <span class='ocrx_word' id='word_1_355' title='bbox 979 3707 1067 3775; x_wconf 75' lang='lat' dir='ltr'>codd,</span> <span class='ocrx_word' id='word_1_356' title='bbox 1075 3709 1119 3761; x_wconf 86' lang='lat' dir='ltr'>Bt.</span> <span class='ocrx_word' id='word_1_357' title='bbox 1133 3738 1161 3746; x_wconf 96' lang='lat'>-</span> <span class='ocrx_word' id='word_1_358' title='bbox 1173 3710 1214 3760; x_wconf 87' lang='lat'>21.</span> <span class='ocrx_word' id='word_1_359' title='bbox 1222 3708 1271 3772; x_wconf 88' lang='lat' dir='ltr'>fu·</span> <span class='ocrx_word' id='word_1_360' title='bbox 1348 3694 1368 3763; x_wconf 63' lang='lat'>³7²⁵*</span> 
     </span>
     <span class='ocr_line' id='line_1_43' title="bbox 130 3792 1272 3862; baseline 0.002 -20"><span class='ocrx_word' id='word_1_361' title='bbox 130 3792 184 3843; x_wconf 78' lang='lat' dir='ltr'>cios</span> <span class='ocrx_word' id='word_1_362' title='bbox 202 3810 226 3861; x_wconf 86' lang='lat' dir='ltr'>o,</span> <span class='ocrx_word' id='word_1_363' title='bbox 245 3794 298 3862; x_wconf 81' lang='lat' dir='ltr'>Bt,</span> <span class='ocrx_word' id='word_1_364' title='bbox 317 3794 393 3858; x_wconf 87' lang='lat' dir='ltr'>Ml.¹;</span> <span class='ocrx_word' id='word_1_365' title='bbox 408 3795 497 3859; x_wconf 77' lang='lat' dir='ltr'>facies</span> <span class='ocrx_word' id='word_1_366' title='bbox 516 3794 571 3847; x_wconf 87' lang='lat' dir='ltr'>BH</span> <span class='ocrx_word' id='word_1_367' title='bbox 580 3796 607 3862; x_wconf 91' lang='lat' dir='ltr'>b,</span> <span class='ocrx_word' id='word_1_368' title='bbox 632 3796 695 3848; x_wconf 80' lang='lat' dir='ltr'>Ml.²</span> <span class='ocrx_word' id='word_1_369' title='bbox 715 3825 744 3837; x_wconf 81' lang='lat'>—-</span> <span class='ocrx_word' id='word_1_370' title='bbox 764 3798 805 3848; x_wconf 81' lang='lat'>30.</span> <span class='ocrx_word' id='word_1_371' title='bbox 824 3796 932 3846; x_wconf 77' lang='lat' dir='ltr'>virtutis</span> <span class='ocrx_word' id='word_1_372' title='bbox 950 3796 1012 3856; x_wconf 88' lang='grc' dir='ltr'>ΒΗ,</span> <span class='ocrx_word' id='word_1_373' title='bbox 1033 3795 1110 3861; x_wconf 84' lang='lat' dir='ltr'>edd.;</span> <span class='ocrx_word' id='word_1_374' title='bbox 1129 3794 1272 3846; x_wconf 77' lang='lat' dir='ltr'>uirtutibus</span> 
     </span>
     <span class='ocr_line' id='line_1_44' title="bbox 130 3876 1298 3949; baseline -0.003 -19"><span class='ocrx_word' id='word_1_375' title='bbox 130 3879 148 3931; x_wconf 93' lang='lat' dir='ltr'>b</span> <span class='ocrx_word' id='word_1_376' title='bbox 154 3899 162 3945; x_wconf 74' lang='lat' dir='ltr'><strong>j</strong></span> <span class='ocrx_word' id='word_1_377' title='bbox 182 3881 275 3933; x_wconf 83' lang='lat' dir='ltr'>uirtuti</span> <span class='ocrx_word' id='word_1_378' title='bbox 293 3898 315 3934; x_wconf 84' lang='lat' dir='ltr'>e.</span> <span class='ocrx_word' id='word_1_379' title='bbox 334 3913 368 3920; x_wconf 98' lang='lat'><em>-</em></span> <span class='ocrx_word' id='word_1_380' title='bbox 387 3885 428 3936; x_wconf 87' lang='lat'>31.</span> <span class='ocrx_word' id='word_1_381' title='bbox 439 3883 476 3933; x_wconf 85' lang='lat' dir='ltr'>Au</span> <span class='ocrx_word' id='word_1_382' title='bbox 493 3883 526 3934; x_wconf 80' lang='lat' dir='ltr'>de</span> <span class='ocrx_word' id='word_1_383' title='bbox 532 3882 681 3949; x_wconf 78' lang='lat' dir='ltr'>prudentio</span> <span class='ocrx_word' id='word_1_384' title='bbox 691 3912 724 3920; x_wconf 90' lang='lat'>—</span> <span class='ocrx_word' id='word_1_385' title='bbox 733 3883 928 3947; x_wconf 75' lang='lat' dir='ltr'>temperantiae</span> <span class='ocrx_word' id='word_1_386' title='bbox 938 3884 1041 3947; x_wconf 50' lang='lat' dir='ltr'>ursan</span> <span class='ocrx_word' id='word_1_387' title='bbox 1052 3880 1228 3934; x_wconf 46' lang='lat' dir='ltr'>suumne&amp;</span> <span class='ocrx_word' id='word_1_388' title='bbox 1234 3876 1298 3932; x_wconf 42' lang='grc' dir='ltr'>δίκ-</span> 
     </span>
    </p>
   </div>
   <div class='ocr_carea' id='block_1_6' title="bbox 0 0 1427 4178">
    <p class='ocr_par' dir='ltr' id='par_1_6' title="bbox 0 0 1427 4178">
     <span class='ocr_line' id='line_1_45' title="bbox 0 0 1427 4178; baseline 0 0"><span class='ocrx_word' id='word_1_389' title='bbox 0 0 1427 4178; x_wconf 95' lang='lat' dir='ltr'> </span> 
     </span>
    </p>
   </div>
  </div>
 </body>
</html>
